3293 5225
1670 435 1757 485 lxii

1154 1063 1619 1130 REGULAE
1697 1065 2282 1130 GENERALES

1139 1203 1223 1265 ad
1257 1202 1757 1267 instructionem
1789 1202 2009 1286 lofficij
2046 1201 2296 1268 diuini.1

1273 1413 1613 1478 2PR1MA
1694 1414 2142 1481 REGULA.2

507 1551 869 1634 Quomodo
929 1552 1208 1615 dicende
1267 1553 1400 1616 sint
1473 1553 1806 1703 hore’ffiet..
1848 1555 1911 1617 in
1974 1574 2108 1635 quo
2182 1555 2503 1618 consistat
2562 1554 2911 1617 diuersitas

1609 1661 1651 1703 o
1726 1661 1828 1722 c1J.

634 1850 812 1911 Ante
883 1849 1103 1912 omnia
1174 1850 1501 1913 sciendum
1561 1860 1671 1927 est,
1722 1850 1900 1932 quod
1955 1871 2170 1914 omnes
2226 1849 2377 1913 hore
2426 1850 2736 1913 dicuntur
2790 1860 2920 1930 per

504 1946 705 1997 totum
787 1958 1035 1999 annum
1108 1937 1649 2019 quemadmodum
1714 1938 2070 2019 explicatur
2143 1938 2211 1999 in
2304 1937 2624 2001 dominica
2683 1938 2911 2018 prima

507 2023 842 2087 aduentus,
930 2024 1098 2086 Item
1137 2025 1313 2106 quod
1355 2025 1453 2087 ad
1490 2025 1789 2107 singulas
1832 2024 2029 2088 horas
2077 2025 2331 2106 singuli
2357 2033 2613 2086 tantum
2660 2024 2919 2087 dicendi

506 2120 661 2172 sunt
711 2110 943 2193 hymni
988 2120 1141 2173 ante
1175 2112 1483 2192 psalmos,
1514 2121 1575 2174 et
1626 2111 1764 2174 ideo
1815 2111 1912 2174 ad
1951 2112 2176 2175 laudes
2206 2133 2329 2174 non
2360 2112 2607 2175 dicitur
2630 2111 2910 2193 hymnus

504 2199 661 2279 quia
707 2199 1104 2260 matutinum
1151 2206 1213 2260 et
1256 2198 1481 2261 laudes
1508 2210 1636 2279 pro
1689 2219 1820 2260 vna
1867 2197 2028 2261 hora
2074 2208 2469 2278 reputantur.
2562 2199 2911 2262 Sciendum

491 2294 803 2364 preterea,
867 2285 1045 2366 quod
1094 2285 1349 2366 psalmi
1415 2284 1698 2367 singulis
1769 2284 1991 2348 diebus
2064 2285 2260 2348 totius
2330 2287 2498 2347 anni
2563 2286 2702 2348 sine
2776 2286 2911 2348 vlla

507 2371 851 2452 exceptione
915 2372 1227 2434 dicuntur
1282 2371 1380 2433 ad
1430 2392 1645 2435 omnes
1702 2371 1911 2447 horaS,
1978 2373 2516 2454 quemadmodum
2577 2371 2917 2434 distributi

504 2469 658 2521 sunt
718 2459 786 2521 in
834 2458 1164 2539 psalterio.
1257 2458 1590 2522 Similiter
1630 2458 1860 2539 prima
1933 2469 1993 2521 et
2051 2458 2327 2521 secunda
2386 2458 2587 2521 lectio³
2644 2458 2915 2540 semper*

505 2546 815 2608 dicuntur
871 2554 945 2608 vt
1015 2545 1313 2627 disposite
1384 2556 1540 2608 sunt
1597 2546 1668 2607 in
1727 2546 2116 2622 dominicali,
2177 2555 2593 2628 preterquam
2661 2546 2731 2608 in
2807 2546 2912 2608 die

507 2634 883 2696 natiuitatis
941 2633 1207 2710 domini,
1254 2643 1315 2695 et
1374 2634 1443 2696 in
1490 2634 1593 2696 die
1651 2632 2031 2715 Epiphanie,
2075 2634 2233 2714 quia
2279 2643 2432 2696 tunc
2484 2633 2916 2715 assignantur

506 2721 636 2784 alie
691 2721 994 2784 lectiones,
1104 2720 1599 2783 Aduertendum
1661 2721 1937 2802 insuper,
1980 2720 2155 2802 quod
2191 2720 2424 2802 hymni
2463 2721 2792 2802 assignati
2839 2721 2909 2781 in

506 2807 827 2870 dominica
864 2808 1093 2888 prima
1121 2808 1442 2871 aduentus
1468 2808 1565 2869 ad
1603 2808 1930 2884 Primam,
1974 2807 2279 2884 Tertiam,
2312 2807 2597 2882 Sextam,
2628 2808 2912 2883 Nonam,

506 2905 571 2957 et
617 2894 1126 2975 Completorium,
1171 2895 1322 2957 item
1382 2894 1715 2958 orationes.
1766 2894 2058 2957 Domine
2118 2894 2279 2956 deus
2340 2895 2763 2976 omnipotens
2822 2895 2920 2957 ad

491 2982 787 3062 primam
833 2991 894 3043 et
938 2982 1155 3045 Visita
1201 3001 1561 3062 quesumus
1591 2981 1692 3043 ad
1732 2980 2218 3062 completorium,
2250 3002 2482 3044 necnon
2532 2981 2911 3062 Antiphona

511 3069 714 3133 Salua
767 3088 887 3131 nos
931 3069 1029 3131 ad
1063 3069 1534 3150 completorium
1587 3089 1922 3150 nunquam
1987 3068 2385 3131 omittuntur
2441 3068 2510 3131 in
2557 3078 2681 3129 toto
2739 3089 2910 3130 anno

492 3166 907 3238 preterquam
999 3156 1068 3217 in
1161 3155 1376 3217 triduo
1462 3165 1613 3218 ante
1700 3155 1964 3236 pascha.
2116 3155 2451 3218 Similiter
2541 3156 2601 3216 A
2614 3154 2912 3235 nttphone

504 3243 856 3325 assignate5
919 3244 986 3304 in
1031 3242 1345 3322 psalterio
1402 3242 1499 3304 ’aa'
1534 3242 1849 3323 primam,
1894 3242 2173 3318 tertiam,
2229 3252 2493 3315 sextam,
2554 3251 2615 3303 et
2673 3263 2908 3304 nonam

506 3350 839 3411 nunquam
886 3338 1233 3392 mutantur
1256 3339 1714 3410 praeterquam
1760 3351 1803 3393 a
1827 3330 2018 3409 seria
2048 3350 2124 3394 .v.
2150 3330 2218 3392 in
2248 3350 2398 3392 cena
2438 3328 2693 3391 domini
2717 3349 2911 3410 vsque

505 3418 602 3480 ad
652 3416 1104 3480 Ascensionem
1166 3426 1240 3478 vt
1285 3416 1427 3478 suis
1470 3416 1619 3478 locis
1676 3416 2016 3480 videbitur.
2132 3416 2180 3478 J
2174 3426 2365 3497 taque
2421 3437 2562 3478 cum
2614 3417 2911 3497 predicta

503 3515 753 3585 semper
776 3504 1088 3566 dicantur
1110 3503 1320 3565 eodem
1367 3503 1566 3577 modo,
1595 3502 1736 3566 siue
1764 3503 2105 3566 celebretur
2115 3505 2387 3584 festum,
2416 3503 2556 3566 siue
2584 3503 2905 3566 dominica

506 3592 611 3654 vel
645 3590 835 3670 seria
880 3588 977 3652 in⁰
1022 3589 1508 3672 intelligendum
1569 3599 1678 3666 est,
1722 3590 1899 3671 quod
1933 3612 2075 3652 cum
2121 3589 2415 3655 dicimus,
2503 3591 2720 3653 Hodie
2746 3589 2915 3672 fieri

504 3679 683 3741 debet
730 3677 1002 3760 officium
1052 3677 1130 3739 de
1176 3677 1303 3740 tali
1333 3678 1525 3755 festo,
1557 3676 1833 3756 perinde
1880 3686 1992 3752 est,
2020 3674 2117 3739 ac7
2163 3678 2230 3739 si
2272 3678 2578 3751 dicamus,
2607 3677 2784 3757 quod
2821 3677 2919 3739 ad

506 3765 902 3828 matutinum
950 3764 1425 3840 inuitatorium,
1469 3763 1765 3845 hymnus,
1809 3762 2204 3843 antiphona,⁸
2248 3773 2310 3826 et
2351 3764 2544 3826 tertia
2587 3764 2780 3838 lectio,
2820 3764 2917 3826 ad

503 3854 727 3916 laudes
768 3850 1138 3932 antiphona,
1190 3861 1253 3913 et
1298 3851 1504 3912 oratio
1557 3851 1704 3932 (que
1747 3850 2014 3913 dicenda
2075 3860 2171 3913 est
2224 3851 2420 3913 etiam
2479 3850 2577 3913 ad
2626 3850 2908 3932 reliquas

502 3939 711 4012 horaS,
756 3948 983 4020 preter
1022 3938 1317 4018 primam
1377 3947 1439 3999 et
1481 3937 1981 4019 completorium)
2026 3937 2123 4000 ad
2162 3949 2457 4019 vesperas
2504 3937 2799 4017 hymnus,
2847 3946 2909 3999 et

499 4026 851 4107 antiphona
898 4025 1207 4087 dicuntur
1255 4025 1332 4088 de
1373 4025 1509 4106 zpso
1536 4026 1714 4105 sesto
1757 4034 1819 4086 et
1860 4026 1931 4087 in
1976 4024 2207 4086 horum
2253 4024 2607 4087 mutatione
2650 4034 2906 4087 tantum

499 4114 788 4177 consistit
816 4112 1167 4175 diuersitas
1196 4111 1397 4194 officis.

596 4247 697 4285 ¹—¹
731 4247 891 4298 diuini
910 4247 1056 4312 officij
1082 4265 1094 4295 z
1132 4260 1209 4311 39.
1238 4260 1318 4310 43.
1346 4262 1425 4309 44.
1454 4260 1533 4309 49.
1563 4248 1641 4297 60.
1670 4247 1749 4297 61.
1778 4247 1857 4309 63.
1888 4246 1966 4308 64.
1996 4246 2075 4296 66.

592 4313 700 4352 2—‘2
734 4328 777 4375 (Ι
812 4314 1005 4378 Regula
1027 4313 1219 4378 prima:
1257 4326 1334 4376 39.
1357 4327 1436 4375 41·
1465 4328 1544 4375 44.
1573 4326 1653 4375 49.
1683 4313 1761 4362 61.
1791 4313 1870 4373 64.

591 4379 612 4410 ³
644 4381 915 4430 lectiones:
952 4378 1031 4427 60.
1755 4376 1776 4408 ⁴
1808 4395 1900 4427 om.
1931 4389 2009 4440 39.

589 4445 610 4475 ὅ
641 4445 926 4509 assignata:
963 4444 1043 4505 64.
1765 4441 1786 4472 ⁶
1817 4442 1906 4492 id:
1944 4441 2023 4504 38.
2092 4440 2197 4491 ita:
2233 4455 2313 4503 42.
2383 4458 2476 4492 one.
2506 4453 2570 4505 39
2593 4449 2685 4491 etc.

590 4510 610 4543 ⁷
643 4511 740 4560 ad:
777 4509 855 4560 60.
1766 4506 1787 4538 ⁸
1817 4508 2140 4573 antiphonae:
2177 4506 2256 4570 63.
