3293 5225
566 508 657 559 166
1052 509 1279 557 FERJA
1317 510 1413 557 JV.
1456 507 1896 558 DOMINICAE
1930 511 2477 561 PENTECOSTES.

734 703 800 779 ἸΙ
832 704 1031 766 Feria
1064 704 1177 785 jis.
1209 705 1287 766 de
1315 714 1540 766 octaua
1571 703 1822 786 duplexl
1857 727 1934 767 ex
1968 705 2239 768 Genese·.2
2323 705 2533 768 Lectio
2550 707 2794 787 prima.

576 803 915 931 IAmque
950 804 1175 866 vrbem
1210 804 1533 879 exierant,
1564 815 1631 868 et
1664 816 2119 887 processerant
2147 806 2490 888 paululum
2519 827 2718 868 ...vos
2744 817 2966 868 autem

687 892 865 954 abite
899 891 1082 953 liberi
1116 893 1201 953 ad
1236 901 1494 972 patrem
1521 902 1833 955 vestrum.

1080 1025 1145 1095 (1
1178 1020 1296 1082 Ex
1322 1020 1512 1083 Actis
1540 1020 2007 1101 apostolorunz.3
2102 1022 2314 1084 Lectio
2361 1023 2444 1103 ᾔ.

565 1118 1026 1250 STupebant
1060 1130 1285 1182 autem
1318 1140 1549 1182 omnes
1581 1130 1649 1182 et
1682 1120 2108 1196 mirabantur,
2141 1123 2518 1184 adinuicem
2554 1122 2853 1184 dicentes

706 1206 879 1268 hunc
920 1207 1139 1269 Iesum
1174 1227 1373 1294 quem
1407 1227 1524 1268 vos
1557 1206 1996 1290 crucifixistis.

1023 1408 1035 1419 ¹
1117 1340 1182 1410 (1
1229 1335 1447 1398 Tertia
1477 1336 1654 1397 lectio
1682 1337 2027 1398 secundum
2058 1336 2412 1398 Ioannem*

573 1435 704 1563 IN
740 1434 851 1496 illo
883 1406 1222 1517 tempore:
1258 1432 1454 1497 Dixit
1492 1435 1676 1497 Iesus
1700 1435 2027 1497 Phariseis
2053 1459 2065 1498 :
2101 1435 2320 1498 Amen
2345 1456 2541 1498 amen
2568 1435 2719 1498 dico
2738 1435 2925 1496 vobis
2957 1458 2970 1495 ε

682 1523 795 1603 qui
828 1541 960 1584 non
996 1523 1197 1584 intrat
1231 1543 1347 1603 per
1378 1523 1621 1584 ostium
1658 1522 1723 1584 in
1757 1522 1933 1584 ouile
1958 1524 2185 1584 ouium
2221 1522 2334 1584 sed
2357 1523 2659 1585 ascendit
2683 1522 2968 1596 aliunde,

558 1608 667 1671 ille
701 1609 801 1673 sur
830 1618 930 1671 est
962 1621 1029 1671 et
1063 1610 1249 1672 latr0.
1342 1610 1432 1672 Et
1465 1609 1731 1691 reliqua.

1077 1742 1142 1812 (1
1171 1737 1250 1799 H
1245 1737 1470 1799 emilia
1499 1737 1714 1800 sancti
1738 1737 1799 1798 A
1812 1738 2112 1818 agustini
2135 1737 2446 1817 Episcopi,

708 1835 994 1899 Ominus
1035 1836 1218 1899 Iesus
1248 1837 1749 1898 similitudinem
1798 1837 2140 1918 proposuit
2192 1838 2256 1898 in
2311 1837 2631 1899 hodierna
2686 1836 2968 1898 lectione

750 1924 833 1985 de
866 1944 1065 2005 grege
1098 1944 1219 1985 suo
1250 1926 1333 1986 de
1366 1925 1537 1986 ostio
1571 1945 1706 2006 quo
1756 1925 2037 1986 intratur
2090 1925 2173 1985 ad
2230 1924 2419 1985 ouile.
2513 1924 2760 1985 Dicant
2809 1943 2972 2004 ergo

556 2012 799 2092 pagani
833 2010 935 2072 vel
976 2011 1161 2073 Iudei
1195 2012 1296 2073 vel
1332 2011 1616 2073 heretici.
1713 2012 1891 2073 Bene
1924 2012 2223 2074 viuimuS.
2303 2012 2373 2074 Si
2411 2031 2525 2092 per
2556 2011 2799 2072 ostium
2835 2030 2964 2072 non

557 2097 803 2160 intrant
855 2099 1013 2178 quid
1066 2099 1161 2160 eis
1222 2099 1492 2180 prodest
1547 2099 1721 2160 vnde
1771 2098 2182 2179 gloriantur?
2245 2098 2488 2161 Adhoc
2538 2099 2714 2159 enim
2767 2097 2967 2159 debet

555 2186 907 2266 vnicuique
939 2186 1250 2267 prodesse
1285 2187 1452 2247 bene
1483 2186 1741 2247 viuere:
1776 2195 1844 2246 vt
1877 2187 2071 2247 detur
2101 2186 2158 2246 ei
2192 2205 2453 2267 semper
2483 2187 2718 2248 viuere.
2790 2185 2965 2246 Nam

554 2273 659 2334 cui
693 2292 823 2334 non
874 2274 1069 2334 datur
1115 2293 1378 2354 semper
1423 2273 1684 2335 viuere:
1732 2271 1891 2354 quid
1942 2272 2212 2354 prodest
2260 2272 2426 2334 bene
2473 2273 2744 2334 viuere?
2792 2271 2970 2352 Quia

558 2379 679 2420 nec
712 2358 881 2421 bene
914 2360 1134 2421 viuere
1167 2359 1429 2422 dicendi
1483 2371 1682 2422 sunt:
1730 2361 1841 2440 qui
1899 2358 2095 2420 finem
2153 2359 2323 2421 bene
2372 2360 2638 2421 viuendi
2692 2358 2794 2420 vel
2853 2379 2968 2439 per

555 2446 903 2508 cecitatem
967 2447 1287 2517 nesciunt,
1347 2446 1447 2508 vel
1513 2467 1629 2528 per
1686 2447 2096 2508 inflationem
2129 2456 2584 2509 contemnunt.
2680 2446 2831 2507 Non
2867 2454 2969 2507 est

555 2543 780 2595 autem
830 2534 1139 2616 cuiquam
1191 2555 1343 2616 spes
1391 2555 1542 2596 vera
1587 2542 1655 2595 et
1701 2544 1880 2595 certa
1912 2553 2173 2615 semper
2197 2533 2459 2594 viuendi
2496 2534 2616 2594 nisi
2651 2543 2970 2615 agnoscat

556 2621 761 2683 vitam
795 2642 924 2703 que
956 2631 1056 2683 est
1090 2622 1409 2695 Christus
1442 2631 1507 2684 et
1540 2642 1657 2703 per
1690 2623 1953 2683 ianuam
2007 2621 2233 2683 intrats’
2285 2622 2348 2682 in
2384 2621 2572 2682 ouile.
2666 2621 2970 2702 Querunt

556 2728 715 2789 ergo
748 2707 1136 2790 plerumque
1171 2709 1336 2770 tales
1379 2710 1680 2770 homines
1725 2710 1927 2771 etiam
1979 2708 2374 2789 persuadere
2427 2708 2846 2770 hominibus:
2902 2716 2972 2769 vt

556 2796 725 2857 bene
746 2796 974 2857 viuant
998 2806 1065 2857 et
1089 2796 1423 2858 christiani
1451 2816 1579 2857 non
1608 2797 1757 2858 sint.
1854 2796 1976 2857 Per
1995 2795 2191 2857 aliam
2217 2805 2471 2876 partem
2493 2794 2725 2856 volunt
2745 2814 2969 2857 ascen-

557 2883 713 2944 dere
743 2906 756 2944 :
790 2903 1017 2964 rapere
1053 2892 1120 2945 et
1152 2881 1489 2945 occidere:
1524 2904 1658 2945 non
1691 2894 1761 2944 vt
1796 2900 2022 2964 pastor
2045 2901 2438 2944 conseruare
2470 2893 2673 2963 atque
2697 2881 2969 2943 saluare.

560 2970 856 3031 Fuerunt
898 2990 1057 3050 ergo
1110 2970 1384 3051 quidam
1442 2969 1817 3052 philosophi
1873 2970 1957 3031 de
2005 2970 2359 3031 virtutibus
2390 2980 2457 3031 et
2495 2968 2672 3049 vitijs
2704 2968 2970 3031 subtilia

559 3057 768 3119 multa
802 3066 1180 3129 tractantes
1213 3057 1603 3128 diuidenteS,
1637 3056 2037 3119 diffinientes
2062 3057 2528 3118 ratiocinantes
2553 3055 2972 3118 acutissimos

556 3143 981 3226 syllogismos
1004 3143 1476 3206 concludentes
1497 3143 1693 3206 libros
1721 3144 2088 3225 implente5‚
2109 3163 2295 3204 suam
2331 3143 2723 3225 sapientiam
2753 3143 2974 3204 buccis

556 3231 1106 3330 concrepantibus
1138 3231 1552 3305 ventilanteS‚
1576 3232 1688 3313 qui
1721 3232 1920 3293 etiam
1946 3230 2163 3292 dicere
2208 3228 2537 3292 audirent6
2582 3229 2980 3291 hominibus

562 3318 703 3380 Nos
736 3318 1107 3398 sequimini,
1139 3330 1388 3380 sectam
1423 3327 1716 3380 nostram
1751 3328 2014 3380 tenete:
2048 3318 2098 3379 si
2135 3319 2334 3379 vultis
2368 3317 2535 3379 bene
2562 3318 2821 3378 viuere:
2855 3315 2970 3377 sed

559 3424 690 3466 non
727 3404 1063 3466 intrabant
1096 3425 1213 3486 per
1243 3406 1526 3467 ostium:
1561 3405 1834 3487 perdere
1857 3403 2208 3466 volebant:
2231 3414 2521 3466 mactare
2543 3414 2609 3466 et
2633 3404 2947 3466 occidere.
2951 3400 2975 3443 ⁷

1640 3533 1885 3597 Oratio.

708 3633 862 3695 Dsit
895 3632 1085 3694 nobis
1116 3632 1434 3694 8Domine
1466 3632 1853 3714 quesumus8
1883 3633 2089 3695 virtus
2127 3632 2396 3714 spiritus
2448 3631 2678 3708 sancti,
2727 3652 2855 3713 que
2908 3641 2976 3693 et

750 3720 951 3781 corda
1007 3729 1232 3781 nostra
1287 3719 1649 3782 clementer
1699 3729 2050 3801 expurget,
2087 3730 2154 3781 et
2208 3719 2293 3781 ab
2342 3719 2653 3781 omnibus
2708 3728 2973 3781 tueatur

559 3807 855 3869 aduersis
885 3830 899 3869 ε
932 3806 1089 3889 ”pen
1125 3809 1189 3867 in
1224 3809 1477 3868 vnitate
1507 3805 1852 3869 eiusdem.⁹

815 3941 881 4010 ΙΙ
915 3934 1112 3998 Feria
1139 3946 1377 4016 quarta
1409 3936 1486 3997 de
1513 3945 1739 3998 octaua
1766 3957 1846 3997 ex
1878 3932 2175 3998 Genesi.lo
2240 3933 2453 3996 Lectio
2467 3934 2712 4014 prima.

566 4035 1010 4165 ACcedens
1042 4045 1265 4097 autem
1305 4036 1571 4116 propius
1625 4035 1842 4110 IudaS,
1876 4034 2285 4097 confidenter
2330 4035 2423 4096 ait
2579 4054 2660 4095 ne
2705 4033 2974 4095 calami-

750 4123 907 4185 tatis
939 4143 1068 4203 que
1099 4142 1495 4204 oppressura
1528 4132 1627 4184 est
1662 4132 1914 4204 patrem
1952 4141 2194 4195 meum,
2227 4122 2412 4183 testis
2444 4122 2768 4183 assistam.

656 4258 674 4289 ¹
708 4259 929 4321 duplici:
966 4270 1044 4321 39.
1539 4257 1560 4288 ²
1592 4258 1732 4319 [xliv.
1759 4260 1933 4319 4—17.]
2425 4256 2446 4286 ³
2478 4257 2549 4318 [ii.
2580 4257 2779 4320 12-36.]

657 4322 678 4353 ⁴
711 4324 800 4373 Ca.
839 4337 895 4371 10
919 4326 974 4371 in
1000 4342 1063 4371 m.
1867 4323 1886 4352 ⁵
1920 4325 2101 4373 intret:
2140 4336 2217 4386 39.
2248 4334 2342 4372 etc.

656 4387 679 4418 ⁶
709 4390 980 4439 auderent:
1020 4388 1096 4451 38.
1126 4399 1219 4438 etc.
1868 4388 1887 4420 ⁷
1920 4390 1995 4438 Te
2018 4388 2165 4437 deum
2190 4407 2201 4438 ε
2238 4390 2348 4437 add.
2379 4387 2458 4450 63.

657 4451 765 4491 ⁸—⁸
796 4470 1063 4519 quesumus
1086 4455 1319 4504 domine:
1358 4467 1435 4516 39.
1465 4467 1543 4514 41.

656 4517 764 4556 ⁹—⁹
800 4521 892 4569 Per
914 4520 1189 4579 dominum,
1217 4520 1267 4569 in
1292 4520 1478 4569 vnitate
1503 4520 1720 4569 eiusdem
1749 4520 1947 4584 spiritus
1971 4518 2127 4567 sancti
2150 4519 2289 4577 deus,
2317 4534 2405 4583 per
2438 4518 2608 4567 omnia
2631 4518 2810 4567 secula.
2841 4530 2935 4566 etc.
2963 4536 2976 4565 t

559 4585 636 4635 60.
668 4585 747 4634 61.
777 4585 857 4645 64.
1867 4584 1904 4614 ¹⁰
1937 4584 2076 4644 [xliv.
2113 4584 2311 4646 18-34.]
