3293 5225
639 380 738 432 390
1317 368 1694 420 OFFICIUM
1718 368 1870 419 ΒΕΑ
1882 368 1935 418 T
1925 370 1974 417 A
1981 368 2033 417 Ε
2063 368 2388 418 MARJAE.

848 596 917 666 ΙΙ
958 588 1044 652 In
1076 588 1399 653 mensibus
1425 588 1622 672 Iung‘j
1641 598 1705 651 et
1730 588 1910 670 [αἰξί.
2012 587 2234 651 Tertia
2261 587 2443 650 lectio
2471 608 2566 651 ex
2591 608 2932 652 sermone

1556 676 1773 739 sancti
1794 674 2143 739 Bemardi.

648 788 1148 918 ADuertistis
1180 787 1410 852 fratres
1454 789 1771 870 quoniam
1804 789 1993 870 virgo
2024 787 2204 870 regia
2248 788 2390 870 ipsa
2420 797 2533 851 est
2566 790 2722 865 via,
2762 810 2899 872 per
2929 808 3128 871 quam

816 875 1108 939 saluator
1136 876 1429 953 aduenit,
1450 875 1815 956 procedens
1844 896 1934 938 ex
1968 875 2174 957 ipsius
2201 883 2389 938 vtero
2420 885 2803 957 tanquam
2843 896 3132 960 sponsus

640 963 725 1027 de
744 962 1042 1027 thalamo
1072 982 1228 1026 suo:
1261 963 1598 1026 Tenentes
1626 982 1789 1045 ergo
1818 961 1989 1024 hanc
2020 962 2196 1024 viam
2229 960 2647 1025 studeamus
2686 963 3130 1027 dilectissimi

639 1050 975 1133 adipsum
1010 1072 1125 1133 per
1154 1070 1301 1113 eam
1336 1049 1710 1125 ascendere,
1741 1049 1854 1130 qui
1886 1069 2004 1149 per
2034 1049 2245 1131 ipsam
2278 1046 2365 1111 ad
2398 1068 2527 1111 nos
2564 1049 2992 1151 descendit,
3020 1071 3132 1132 per

640 1158 789 1200 eam
822 1138 1046 1201 venire
1099 1137 1164 1199 in
1219 1137 1502 1220 gratiam
1547 1137 1769 1218 ipsiuS,
1801 1137 1914 1217 qui
1947 1157 2064 1220 per
2091 1156 2241 1199 eam
2275 1136 2342 1198 in
2373 1146 2709 1200 nostram
2782 1139 3127 1201 miseriam

640 1225 838 1288 venit.
915 1223 1039 1287 Per
1060 1233 1127 1287 te
1157 1243 1494 1287 accessum
1528 1223 1896 1286 habeamus
1914 1223 2000 1286 ad
2032 1221 2239 1285 filium
2272 1243 2313 1286 o
2338 1222 2735 1287 benedicta
2775 1226 3128 1288 inuenti-ix

639 1312 868 1395 gratie,
912 1313 1202 1394 genitrix
1247 1311 1400 1387 vite,
1447 1320 1659 1373 mater
1710 1309 1957 1387 salutiS,
2003 1319 2076 1372 vt
2124 1330 2242 1393 per
2287 1319 2354 1373 te
2406 1330 2536 1372 nos
2597 1314 2996 1395 suscipiat,
3022 1313 3130 1393 qui

642 1419 758 1481 per
809 1407 875 1462 te
928 1398 1124 1461 datus
1182 1407 1282 1460 est
1341 1397 1550 1460 nobis
1661 1397 1961 1460 Excuset
2019 1395 2200 1478 apud
2260 1397 2477 1479 ipsum
2547 1398 2968 1480 integritas
3022 1411 3128 1461 tua

641 1484 905 1568 culpam
941 1495 1160 1549 nostre
1204 1485 1661 1567 corruptionis,
1690 1495 1759 1547 et
1789 1483 2129 1547 humilitas
2159 1483 2287 1547 deo
2317 1493 2508 1567 grata
2545 1497 2825 1549 nostre
2862 1488 3126 1550 veniam

643 1574 952 1655 impetret
999 1572 1328 1635 vanitatis,
1443 1570 1733 1653 Copiosa
1792 1570 2078 1634 charitas
2130 1580 2245 1634 tua
2293 1580 2701 1635 nostrorum
2772 1575 3129 1657 cooperiat

644 1658 1137 1722 multitudinem
1206 1667 1648 1741 peccatorum,
1695 1666 1763 1721 et
1813 1657 2182 1721 fecunditas
2242 1657 2528 1740 gloriosa
2592 1658 3125 1724 fecunditatem

644 1745 836 1808 nobis
895 1746 1191 1808 conferat
1251 1746 1653 1808 meritorum.
1768 1745 2063 1807 Domina
2116 1754 2357 1820 nostra,
2405 1744 2817 1810 mediatrix
2887 1760 3127 1822 nostra,

644 1832 971 1895 aduocata
1017 1842 1242 1895 nostra
1287 1841 1403 1895 tuo
1435 1830 1571 1894 filio
1617 1852 1739 1894 nos
1780 1832 2147 1906 reconcilia,
2177 1840 2294 1894 tuo
2325 1831 2460 1894 filio
2493 1851 2624 1894 nos
2661 1835 3127 1908 commenda,

645 1931 762 1982 tuo
810 1938 932 1982 nos
985 1918 1120 1982 filio
1169 1928 1564 2001 representa.
1657 1918 1792 1981 Fac
1846 1940 1887 1981 o
1936 1918 2286 1981 benedicta
2340 1938 2456 2001 per
2508 1922 2869 1999 gratiam,
2928 1942 3123 2004 quam

646 2007 973 2082 inuenisti,
1019 2026 1136 2089 per
1187 2006 1698 2087 prerogatiuam,
1744 2024 1946 2086 quam
2003 2006 2315 2080 meruisti,
2368 2025 2486 2088 per
2544 2008 3123 2071 misericordiam

646 2113 847 2174 quam
897 2093 1248 2176 peperisti,¹
1293 2101 1367 2156 vt
1411 2093 1522 2174 qui
1571 2101 1637 2156 te
1686 2091 2024 2155 mediante
2071 2091 2208 2155 fieri
2253 2092 2571 2175 dignatus
2608 2104 2731 2156 est
2768 2097 3127 2178 particeps

647 2179 1064 2256 infirmitatiS,
1104 2188 1172 2243 et
1220 2180 1478 2242 miserie
1526 2189 1747 2242 nostre
1794 2189 1860 2242 te
1905 2199 2171 2261 quoque
2218 2178 2682 2243 intercedente
2738 2184 3126 2265 participes

648 2267 847 2329 faciat
896 2287 1017 2329 nos
1064 2266 1288 2348 glorie,
1317 2275 1385 2329 et
1430 2265 1862 2329 beatitudinis
1914 2286 2030 2329 sue
2096 2266 2280 2329 Iesus
2339 2266 2624 2329 christus
2696 2267 2908 2332 filius
2977 2280 3124 2332 tuus

648 2353 959 2417 dominus
991 2363 1229 2430 noster,
1249 2355 1360 2435 qui
1393 2361 1494 2416 est
1524 2373 1723 2436 super
1752 2354 1979 2416 omnia
2010 2353 2397 2417 benedictus
2429 2354 2492 2415 in
2527 2353 2790 2417 secula.
2901 2377 3123 2419 amen.

819 2515 904 2578 In
937 2537 1147 2580 mense
1175 2516 1477 2598 Augusto
1506 2516 1619 2597 ,iij
1650 2516 1828 2578 lectio
1857 2537 1936 2578 ex
1959 2537 2245 2578 sermone
2271 2517 2483 2578 sancti
2507 2516 2570 2578 A
2580 2520 2943 2598 agustini.

663 2628 1130 2758 LOquamur
1202 2627 1454 2711 aliquid
1510 2627 1744 2692 fratres
1805 2630 1870 2692 in
1934 2628 2238 2692 laudibus
2297 2629 2749 2692 sacratissime
2822 2632 3124 2714 virginis

811 2716 1039 2780 Marie.
1132 2716 1267 2781 Sed
1328 2715 1488 2798 quid
1550 2736 1675 2778 nos
1711 2715 1950 2780 tantilli
1997 2716 2157 2797 quid
2205 2717 2463 2779 actione
2517 2716 2767 2798 pusilli,
2805 2719 3003 2799 quid
3060 2721 3122 2781 in

649 2804 791 2867 eius
823 2803 1130 2866 laudibus
1177 2803 1583 2866 referemus?
1675 2802 1845 2867 Cum
1878 2813 1946 2865 et
1977 2804 2029 2865 si
2061 2804 2360 2865 omnium
2416 2811 2720 2865 nostrum
2784 2807 3123 2869 membra

653 2900 1058 2954 verterentur
1119 2891 1185 2953 in
1247 2890 1525 2972 linguaS,
1580 2910 1726 2953 eam
1792 2887 2062 2952 laudare
2115 2888 2441 2952 sufficeret
2492 2889 2716 2952 nullus
2742 2896 2772 2953 ?
2888 2893 3126 2956 Altior

653 2977 797 3041 celo
843 2987 943 3040 est
992 2978 1076 3041 de
1121 2998 1254 3059 qua
1296 2977 1643 3059 loquimur,
1674 2976 1919 3058 abysso
1972 2975 2375 3058 profundior,
2419 2977 2524 3039 cui
2578 2976 2828 3040 laudes
2886 2979 3124 3043 dicere

653 3084 989 3128 conamur.
1113 3064 1260 3128 Hec
1320 3073 1422 3127 est
1481 3065 1659 3127 enim
1722 3083 1852 3145 que
1912 3062 2051 3126 sola
2112 3065 2351 3126 meruit
2413 3073 2638 3137 mater,
2700 3073 2774 3126 et
2849 3086 3122 3149 sponsa

653 3153 891 3215 vocari.
1015 3151 1162 3214 Hec
1239 3152 1448 3234 prime
1524 3152 1753 3214 matris
1834 3149 2082 3213 damna
2174 3150 2455 3213 resoluit.
2580 3149 2732 3212 Hec
2836 3152 3121 3217 homini

657 3237 915 3321 perdito
990 3238 1516 3320 redemptionem
1592 3237 1894 3300 adduxit.
2019 3237 2240 3300 Mater
2296 3238 2475 3301 enim
2547 3238 2823 3317 generis
2896 3242 3121 3304 nostri

659 3345 900 3408 penam
963 3325 1184 3387 intulit
1245 3325 1516 3402 mund0,
1563 3325 1854 3406 genitrix
1930 3323 2184 3387 domini
2246 3326 2450 3387 nostri
2523 3323 2812 3387 salutem
2890 3328 3121 3391 edidit

660 3411 927 3475 munde.
984 3410 1270 3474 Auctrix
1298 3412 1551 3494 peccati
1579 3411 1745 3487 Eua,
1768 3411 2026 3474 auctrix
2055 3412 2268 3474 meriti
2297 3411 2510 3474 Maria
2537 3411 2684 3473 Eua
2709 3413 3121 3478 occidendo

659 3498 889 3563 obfuit.
983 3499 1197 3561 Maria
1256 3497 1657 3561 viuificando
1708 3498 1967 3580 profuit.
2082 3497 2203 3561 Illa
2254 3500 2590 3582 percussit,
2623 3498 2753 3560 ista
2803 3504 3119 3565 sanauit.

666 3586 813 3648 Hec
873 3586 1051 3648 enim
1115 3585 1414 3662 mirabili,
1466 3594 1668 3666 atque
1730 3585 2153 3647 inestimabili
2216 3585 2418 3648 modo
2478 3586 2785 3648 omnium
2858 3608 3119 3663 rerum,

660 3680 728 3736 et
781 3693 972 3735 suum
1035 3673 1290 3756 peperit
1350 3671 1767 3735 saluatorem.
1879 3670 2030 3754 Que
2089 3672 2210 3735 hec
2262 3673 2449 3753 virgo
2501 3681 2640 3735 tam
2690 3684 2966 3747 sancta,
3029 3676 3115 3738 ad

661 3779 865 3841 quam
924 3761 1149 3822 venire
1194 3759 1578 3841 dignaretur
1633 3758 1918 3841 Spiritus
1970 3759 2287 3822 sanctus?
2379 3758 2530 3840 Que
2576 3769 2715 3821 tam
2768 3762 3114 3842 speciosa,

662 3856 734 3909 vt
786 3867 936 3909 eam
986 3845 1150 3909 deus
1203 3846 1325 3908 sibi
1375 3844 1648 3929 eligeret
1700 3851 2063 3927 sponsam?
2153 3845 2304 3927 Que
2365 3856 2502 3908 tam
2566 3856 2772 3923 casta,
2827 3856 2913 3910 vt
2958 3870 3112 3912 esse

664 3942 889 4015 posset
947 3934 1134 4015 virgo
1194 3940 1346 4014 post
1408 3938 1723 4015 partum?
1838 3932 1983 3994 Hec
2036 3943 2136 3995 est
2197 3932 2303 3995 dei
2365 3932 2712 4014 templum,
2770 3933 2936 3997 fons
3003 3936 3112 3999 ille
3200 4010 3211 4023 .

665 4021 982 4102 signatuS,
1004 4030 1072 4083 et
1104 4030 1295 4102 porta
1327 4020 1392 4081 in
1426 4019 1630 4082 domo
1662 4018 1768 4082 dei
1800 4018 2040 4082 clausa.
2132 4019 2244 4082 Ad
2277 4020 2448 4083 hanc
2492 4040 2792 4101 namque
2823 4023 3110 4104 spiritus

665 4116 934 4170 sanctus
981 4106 1342 4184 descendit,
1386 4105 1558 4169 hanc
1603 4106 1809 4168 virtus
1853 4104 2155 4168 altissimi
2215 4105 2658 4171 obumbrauit.
2783 4107 2943 4172 Hec
3009 4120 3110 4173 est

667 4193 1095 4257 immaculata
1154 4194 1350 4269 coitu,
1411 4192 1696 4256 fecunda
1750 4201 1961 4275 partu,
2008 4194 2196 4275 virgo
2248 4193 2519 4266 lactans
2566 4195 2977 4277 angelorum
3044 4206 3111 4259 et

667 4282 1010 4344 hominum
1065 4280 1287 4343 cibum
1342 4281 1655 4344 nutriens,
1771 4280 2016 4344 Merito
2068 4278 2385 4362 namque⁹
2427 4280 2627 4343 beata
2683 4283 3019 4365 singulari
3070 4303 3108 4345 a

813 4440 1073 4506 reperisti:
1109 4439 1188 4490 60.
2100 4438 2124 4470 ⁹
2156 4440 2360 4506 itaque:
2398 4453 2475 4504 39.
2505 4453 2586 4502 41.
