3293 5225
307 431 429 483 1111..
462 433 565 495 14.]
826 432 882 484 S.
920 432 1409 483 ANACLETUS:
1452 432 1545 482 SS.
1585 431 2011 483 PROCESSUS
2039 432 2204 483 ETC.
2625 445 2723 496 303

311 587 588 649 linteum
621 595 921 668 quatuor,
955 585 1010 647 si
1058 585 1122 647 in
1173 585 1352 649 aliud
1404 584 1682 649 linteum
1731 606 1971 649 nouem
2029 585 2263 649 diebus
2317 584 2721 668 Vbicunque

312 674 640 748 ceciderit,
689 674 744 736 si
806 673 1007 754 recipi
1054 682 1295 755 potest,
1342 672 1695 748 lambatur,
1740 673 1840 735 sin
1887 673 2079 737 aliter
2123 682 2239 736 aut
2286 672 2560 750 lauetur,
2604 683 2721 736 aut

312 761 602 836 radatur,
664 759 876 823 lotum
937 769 1005 823 et
1082 780 1303 823 rasum
1365 771 1482 822 aut
1543 761 1989 833 comburatur.
2053 770 2168 824 aut
2231 761 2295 823 in
2357 760 2715 823 sacrarium

312 858 672 930 reponatur
747 847 1040 910 Demum
1107 846 1220 909 vbi
1289 868 1377 909 ex
1457 847 1988 911 ordinationibus
2077 846 2396 929 quinque1
2491 867 2719 910 mense

313 934 670 997 Decembri
717 934 960 996 habitis
1009 934 1432 1015 presbyteros
1478 935 1640 998 .xix.
1673 934 1993 998 diaconos
2039 935 2200 999 ,xxi
2254 935 2604 1016 episcopos
2635 956 2730 998 .x.

311 1031 616 1097 creasset,
665 1023 942 1084 moritur
989 1032 1056 1084 et
1115 1021 1182 1083 in
1244 1021 1579 1084 Vaticano
1624 1022 1940 1104 sepelitur
2001 1044 2057 1086 v.
2121 1022 2268 1085 idus
2332 1020 2502 1103 Iulij,
2566 1042 2718 1085 cum

311 1108 591 1172 sedisset
622 1128 833 1171 annos
863 1109 973 1171 .xi.
1007 1128 1270 1171 menses
1301 1107 1430 1189 ,iiij.
1463 1108 1605 1171 dies
1637 1108 1746 1189 .iij.

746 1250 813 1319 (I
857 1245 1214 1307 Anacletus
1228 1255 1409 1326 papa
1442 1243 1739 1324 martyr?
1811 1244 2027 1308 Lectio
2059 1245 2269 1310 tertia.

320 1356 784 1485 ANacletus
838 1377 1014 1438 papa
1062 1357 1332 1420 natione
1364 1355 1614 1420 Grccus
1649 1357 1861 1438 patria
1912 1357 2360 1422 Atheniensis,
2450 1356 2720 1420 Traiani

532 1444 945 1525 temporibus
1035 1443 1362 1507 Clementi
1457 1442 1793 1520 suffectuS,
1852 1455 1926 1507 vt
2012 1444 2309 1507 honestis
2394 1444 2717 1507 institutis

316 1530 620 1594 homines
693 1530 1172 1594 ecclesiasticos
1248 1529 1564 1593 formaret
1625 1530 1771 1612 lege
1832 1532 2060 1607 vetuit,
2121 1552 2203 1594 ne
2263 1532 2614 1614 episcopus
2682 1550 2723 1593 a

314 1617 737 1698 paucioribus
785 1638 987 1700 quam
1048 1639 1090 1680 a
1130 1617 1341 1681 tribus
1395 1617 1726 1700 episcopis
1788 1619 2174 1693 initiaretur,
2229 1618 2333 1681 Ac
2387 1628 2459 1681 vt
2506 1618 2723 1681 clerici

315 1703 595 1786 publice,
643 1725 775 1768 non
809 1705 1118 1787 priuatim
1166 1705 1252 1767 ad
1287 1725 1507 1768 sacros
1553 1706 1820 1767 ordines
1850 1707 2342 1770 asciscerentur.
2390 1704 2729 1769 Omnibus

315 1811 583 1874 quoque
645 1791 951 1855 fidelibus
1005 1793 1319 1875 precepit,
1363 1800 1434 1853 vt
1488 1802 1756 1874 peracta
1807 1794 2303 1856 consecratione
2357 1793 2724 1856 communi-

316 1889 557 1955 carent,
618 1890 996 1942 recusantes
1049 1888 1272 1942 autem
1321 1878 1409 1941 ab
1462 1879 1756 1960 ecclesijs
1804 1879 2211 1959 eijcerentur.
2334 1880 2467 1942 Hic
2519 1879 2725 1943 etiam

315 1964 480 2042 loca,
510 1966 619 2029 vbi
651 1987 948 2029 seorsum
982 1975 1308 2048 martyres
1339 1965 1773 2048 sepelirentur
1803 1967 2198 2048 designauit,
2226 1967 2348 2030 Per
2368 1967 2432 2029 id
2458 1978 2725 2048 tempus

319 2054 557 2116 mirum
591 2053 654 2115 in
697 2054 969 2117 modum
1018 2063 1418 2136 augescente
1475 2073 1540 2115 re
1591 2053 1986 2130 Christiana,
2039 2053 2367 2117 Traianus
2422 2064 2727 2117 metuens

316 2160 400 2203 ne
454 2141 613 2223 quid
661 2142 1044 2203 detrimenti
1078 2140 1429 2223 imperium
1491 2140 1872 2203 Romanum
1922 2141 2075 2203 inde
2128 2151 2411 2221 caperet,
2460 2142 2722 2204 tertiam

315 2228 840 2310 persecutionem
876 2228 940 2289 in
976 2226 1388 2290 Christianos
1420 2227 1763 2290 concessit.
1857 2226 2010 2309 Qua
2063 2247 2213 2290 cum
2248 2228 2559 2309 permulti
2593 2228 2732 2308 alij,

313 2324 474 2377 tunc
518 2315 582 2377 in
617 2315 848 2397 primis
872 2314 1013 2396 ipse
1045 2313 1417 2376 Anacletus
1449 2314 1771 2393 martyrio
1815 2323 2170 2378 coronatur
2199 2315 2304 2396 .iij.
2355 2316 2502 2378 idus
2555 2315 2723 2397 Iulij.

317 2399 509 2465 Sedit
539 2412 763 2464 autem
796 2422 1008 2464 annos
1034 2402 1139 2464 .ix.
1174 2420 1438 2463 menses
1471 2400 1551 2480 .ij.
1577 2400 1718 2463 dies
1752 2424 1833 2465 .x.

693 2595 760 2665 (Ι
806 2586 1196 2666 Processus‚⁸
1225 2597 1288 2651 et
1315 2588 1410 2651 M
1403 2586 1828 2652 artin2·anus.⁴
1926 2588 2149 2653 Tertia
2184 2590 2377 2653 lectio.

468 2702 580 2767 Uo
629 2713 928 2784 tempore
980 2703 1196 2764 Rome
1244 2701 1476 2763 Petrus
1509 2712 1574 2763 et
1610 2700 1853 2763 Paulus
1900 2703 1964 2763 in
1998 2702 2276 2765 vinculis
2315 2702 2377 2765 in
2413 2702 2728 2785 Tarpeio⁶

497 2800 726 2852 monte
772 2788 1170 2851 tenebantur
1214 2787 1349 2850 duo
1402 2807 1490 2849 ex
1541 2788 1930 2851 custodibus
1979 2790 2346 2864 ProcessuS,
2378 2800 2446 2853 et
2498 2791 2727 2854 Marti-

318 2878 558 2940 nianus
605 2876 1057 2958 apostolorum
1106 2875 1322 2938 verbis
1377 2884 1445 2936 et
1500 2874 1831 2937 miraculis
1882 2895 2034 2939 cum
2085 2876 2233 2958 alijs
2287 2878 2737 2960 quadraginta

322 2983 562 3026 nouem
623 2964 707 3026 ad
764 2962 964 3025 fidem
1021 2962 1267 3026 Christi
1328 2962 1628 3023 conuersi
1692 2972 1847 3025 sunt
1899 2972 1967 3025 et
2023 2962 2206 3026 sonte
2267 2964 2584 3028 diuinitus
2638 2986 2727 3028 ex

319 3052 613 3131 quodam
675 3072 865 3126 saxo,
919 3051 981 3112 in
1035 3051 1180 3132 ipso
1233 3069 1493 3111 carcere
1542 3060 1857 3112 manante
1919 3050 2256 3132 baptizati.
2367 3051 2430 3113 A
2488 3052 2734 3133 quibus

319 3137 604 3220 apostoli
674 3136 973 3213 relaxati,
1032 3137 1213 3199 abire
1274 3134 1356 3197 si⁶
1415 3134 1661 3197 vellent
1721 3156 1809 3198 ex
1871 3158 2131 3200 carcere
2193 3139 2492 3220 permissi
2554 3149 2727 3202 sunt.

321 3223 522 3306 Quod
566 3225 677 3288 vbi
723 3225 1101 3287 nuntiatum
1151 3234 1253 3286 est
1304 3222 1585 3285 Paulino
1639 3223 1923 3286 militum
1980 3224 2294 3305 presect0‚
2339 3226 2727 3289 Processum

319 3322 386 3374 et
422 3312 900 3375 Martinianum
934 3312 1017 3373 ad
1052 3332 1122 3373 se
1168 3308 1522 3373 accersitos
1554 3310 1770 3373 verbis
1823 3312 2234 3392 grauissimis
2265 3312 2353 3374 ob
2383 3323 2727 3395 acceptam

321 3399 705 3481 religionem
740 3399 1041 3479 castigat,
1069 3408 1138 3461 et
1169 3398 1257 3461 ab
1285 3418 1366 3461 ea
1395 3397 1649 3459 cunctis
1681 3396 2047 3460 rationibus
2094 3419 2402 3462 reuocare
2433 3410 2727 3463 conatur.

322 3484 458 3550 Sed
520 3507 670 3549 cum
735 3485 895 3547 nihil
957 3484 1321 3568 proficeret,
1369 3483 1753 3565 indignatus
1813 3506 1882 3547 se
1931 3485 2019 3547 ab
2078 3486 2328 3549 eisdem
2390 3488 2727 3550 contemni

320 3573 502 3636 iubet
592 3573 884 3654 ipsorum
976 3592 1093 3635 ora
1181 3591 1351 3635 saxo
1424 3570 1851 3634 vehementer
1950 3574 2287 3649 contundi,
2361 3575 2731 3655 dentesque

319 3661 700 3726 comminui.
820 3658 1082 3721 Deinde
1165 3680 1313 3721 cum
1395 3658 1626 3720 Iouem
1719 3661 1995 3722 adorare
2086 3660 2261 3731 iussi,
2350 3670 2735 3725 constanter

320 3748 706 3823 renuissent,
767 3748 831 3809 in
908 3745 1138 3809 eculeo
1211 3746 1534 3827 suspensi,
1608 3745 1891 3808 fustibus
1965 3747 2307 3809 seuissime
2381 3746 2732 3812 ceduntur⁷

318 3835 609 3897 admotis
641 3833 927 3896 flammis
959 3833 1342 3906 aduruntur,
1366 3852 1565 3894 vnam
1591 3852 1823 3895 vocem
1856 3834 2253 3897 emittentes
2347 3832 2451 3898 Sit
2484 3855 2733 3897 nomen

321 3920 573 3984 domini
629 3921 1070 3983 benedictum.
1162 3918 1613 3981 Vehementer
1661 3920 1861 4000 igitur
1919 3919 2209 3998 cruciati,
2239 3931 2308 3984 et
2362 3922 2424 3984 in
2485 3921 2732 3985 Christi

320 4007 449 4071 fide
482 4009 926 4091 persistentes.
960 4008 1024 4069 in
1057 4007 1342 4069 eundem
1378 4025 1706 4068 carcerem
1745 4006 2189 4071 detruduntur
2219 4019 2286 4071 et
2319 4010 2547 4090 paucis
2580 4019 2732 4091 post

317 4095 552 4159 diebus
610 4104 806 4158 extra
852 4094 1080 4156 vrbem
1141 4093 1364 4156 educti
1427 4093 1491 4154 in
1545 4094 1653 4155 via
1714 4093 1989 4155 Aurelia
2047 4094 2266 4176 capite
2325 4106 2733 4159 truncantur.

323 4181 623 4264 Quorum
657 4203 935 4264 corpora
970 4180 1224 4243 Lucina
1258 4180 1323 4241 in
1358 4180 1591 4261 predio
1621 4200 1746 4243 suo
1778 4181 1877 4245 .vi.
1910 4201 2121 4243 nonas
2159 4182 2304 4264 Iulij
2340 4183 2663 4266 sepeliuit.

417 4372 434 4403 ¹
504 4372 762 4439 uinquies:
801 4385 879 4436 39.
909 4384 988 4433 41.
1623 4367 1648 4399 ²
1678 4369 1761 4420 die
1789 4382 1846 4434 13
1871 4371 1929 4420 in
1952 4387 2017 4420 m.

417 4437 438 4467 ³
505 4439 550 4488 ie
580 4451 651 4500 14.
683 4440 740 4487 in
766 4455 830 4486 m.
1627 4434 1649 4465 ⁴
1682 4444 1958 4500 martyres:
1988 4437 2101 4486 add.
2132 4450 2210 4500 39.
2239 4451 2318 4498 41.

420 4502 441 4533 ³
474 4504 520 4553 T
523 4503 730 4570 rapeio:
767 4516 847 4566 43.
1300 4497 1322 4529 ⁶
1353 4517 1446 4551 om.
1478 4499 1556 4564 38.
2020 4501 2041 4533 ⁷
2074 4512 2159 4552 et:
2194 4505 2304 4553 add.
2335 4516 2412 4567 39.
2441 4510 2534 4554 etc.
