3293 5225
627 435 724 487 342
1002 425 1095 475 SS.
1135 424 1645 476 PTOLOMAEUS
1675 424 1789 474 ET
1812 422 2120 474 LUCIUS:
2152 423 2206 473 S.
2246 422 2637 472 HILARION.
2753 422 2895 484 [Oc'r.
2926 432 2991 471 22.

627 578 863 642 ceteris
921 578 1123 642 etiam
1186 577 1508 661 apostolis
1568 577 1991 660 euangelium
2054 575 2382 653 didicisse,
2443 575 2585 659 ipse
2644 596 2893 658 quoque
2940 574 2992 636 in

626 665 985 730 voluminis
1015 666 1114 728 sui
1147 664 1471 748 principio
1518 664 1831 742 declarat,
1880 665 2124 739 dicenS,
2173 664 2343 726 sicut
2387 662 2798 727 tradiderunt
2841 661 2997 725 nobis

628 753 738 834 qui
817 775 857 816 a
932 753 1256 837 principio
1316 753 1441 835 ipsi
1504 753 1831 826 viderunt,
1890 762 1957 815 et
2035 751 2314 813 ministri
2378 750 2642 813 fuerunt
2701 751 2999 813 sermonis.

633 839 846 923 Igitur
889 840 1312 921 euangelium
1359 839 1528 903 sicut
1574 841 1877 902 audierat
1924 839 2202 920 scripsit,
2320 838 2493 900 Acta
2537 858 2695 901 vero
2745 838 2991 920 Aposto

627 926 861 1003 lorum,
891 928 1062 990 sicut
1093 927 1369 1002 viderat,
1399 928 1793 1008 composuit.
1884 925 2080 988 Vixit
2112 926 2454 1006 octoginta
2499 935 2785 1006 quatuor
2824 942 3001 986 annos

624 1034 904 1077 vxorem
962 1035 1095 1077 non
1149 1013 1418 1077 habens
1532 1013 1850 1096 Sepultus
1901 1022 2003 1076 est
2057 1012 2637 1094 Constantinopoli
2692 1012 2779 1076 ad
2833 1031 3002 1092 quam

628 1101 855 1164 vrbem
889 1102 1211 1183 vigesimo
1243 1099 1617 1182 Constantij
1654 1120 1832 1163 anno
1879 1120 2029 1162 ossa
2060 1100 2201 1162 eius
2247 1119 2398 1161 cum
2447 1097 2738 1180 reliquis1
2772 1098 3005 1162 Andree

628 1188 911 1271 apostoli
946 1188 1266 1251 translata
1298 1197 1453 1250 sunt
1482 1209 1570 1251 ex
1603 1187 1883 1251 Achaia.

1011 1325 1380 1387 Ptolomeus
1406 1335 1470 1386 et
1495 1324 1739 1387 Lucius
1770 1334 2101 1404 martyres.
2191 1323 2403 1385 Lectio
2435 1321 2670 1387 tertia?

635 1437 1162 1566 ALexandrie
1219 1437 1450 1499 Marco
1510 1436 1785 1499 Aurelio
1838 1456 1994 1498 vero
2043 1445 2112 1498 et
2168 1435 2518 1497 Antonino
2574 1435 2711 1498 filio
2766 1436 3013 1516 impera·

820 1525 1087 1599 toribus
1140 1544 1290 1586 cum
1344 1523 1656 1605 pudicam
1708 1544 1784 1585 ac
1835 1523 2261 1586 christianam
2312 1542 2590 1584 vxorem
2649 1521 2926 1586 infidelis
2962 1531 3015 1581 et

628 1611 944 1674 scelestus
978 1612 1269 1686 marituS,
1301 1631 1421 1673 nec
1454 1630 1494 1672 a
1527 1611 1867 1693 proposito
1913 1610 2272 1672 christiano
2317 1609 2647 1672 deterrere
2695 1630 2817 1672 nec
2862 1627 3014 1671 ream

627 1719 848 1761 coram
884 1697 1100 1760 iudice
1130 1699 1521 1760 conuincere
1568 1717 1801 1779 posse:
1847 1694 2235 1760 confideret³
2265 1698 2329 1758 in
2378 1696 2669 1759 exitum*
2701 1695 3018 1765 Ptolomei,

628 1805 826 1866 quem
861 1783 996 1847 illa⁵
1045 1786 1430 1865 magistrum
1481 1785 1816 1866 religionis
1860 1783 2200 1860 habuerat,
2230 1803 2631 1846 conuersus:
2676 1781 3019 1846 centurioni

628 1873 844 1935 amico
891 1873 1230 1954 persuasit,
1274 1881 1346 1933 vt
1393 1872 1576 1934 illum
1609 1891 1695 1933 an
1729 1871 2123 1934 christianus
2154 1881 2327 1933 esset
2374 1880 2885 1952 percontaretur.
2964 1867 3018 1928 A

628 1979 763 2040 quo
816 1969 1088 2040 rogatus
1155 1959 1537 2021 Ptolomeus
1602 1960 1744 2021 sine
1791 1960 2215 2021 cunctatione
2270 1957 2721 2021 Christianum
2780 1978 2849 2020 se
2897 1975 3021 2018 esse

631 2045 987 2128 respondit.
1102 2044 1557 2127 Quamobrem
1614 2047 1680 2108 in
1735 2045 2000 2107 vincula
2053 2046 2407 2120 coniectuS,
2460 2044 2708 2125 diuque
2772 2043 3023 2107 carceris

629 2133 757 2196 situ
789 2143 856 2196 et
888 2133 1192 2213 squalore
1222 2132 1580 2209 consectus,
1611 2132 1697 2195 ad
1746 2132 1996 2212 Vrbicij
2047 2131 2281 2194 iudicis
2327 2131 2612 2195 tribunal
2650 2131 3026 2214 producitur,

630 2219 760 2282 Vbi
822 2219 1248 2282 christianam
1314 2221 1629 2301 pietatem
1689 2221 1825 2301 pari
1881 2221 2257 2282 constantia
2318 2239 2470 2281 cum
2535 2219 2750 2281 multa
2804 2217 3025 2282 Christi

632 2306 1012 2369 laudatione
1106 2305 1452 2389 professuS,
1544 2307 1812 2388 capitali
1909 2307 2236 2369 sententia
2330 2305 2704 2369 damnatur.
2853 2305 3027 2367 Hanc

635 2394 956 2456 Ptolomei
1022 2394 1406 2476 precipitem
1469 2394 1970 2456 damnationem
2023 2393 2268 2455 Lucius
2327 2394 2439 2474 qui
2485 2392 2716 2456 aderat
2781 2392 3030 2473 indigne

632 2480 863 2557 ferenS,
926 2481 1191 2544 liberius
1252 2482 1427 2563 cepit
1490 2482 1933 2543 temeritatem
1999 2480 2232 2542 iudicis
2308 2481 2663 2561 increpare.
2791 2479 2854 2541 A
2915 2497 3030 2559 quo

634 2569 1074 2649 interrogatus
1120 2588 1204 2630 an
1255 2569 1395 2651 ipse
1443 2588 1710 2650 quoque
1759 2568 2155 2631 christianus
2202 2565 2418 2644 esset,⁶
2467 2568 2665 2630 simili
2721 2566 3033 2631 sententia

631 2655 1003 2719 damnatur.
1095 2655 1286 2718 Tunc
1323 2655 1585 2731 LuciuS,
1617 2654 1883 2719 Gratias
1931 2654 2202 2736 (inquit)
2248 2676 2377 2737 ago
2424 2655 2542 2718 tibi
2591 2655 2842 2731 Vrbici‚
2871 2651 3032 2735 quod

634 2764 740 2806 me
801 2764 840 2805 a
901 2744 1259 2805 senissimis
1319 2743 1608 2805 dominis
1668 2741 1904 2819 afferiS,
1965 2742 2050 2804 ad
2112 2743 2575 2824 optimumque
2651 2752 2910 2825 patrem
2980 2749 3038 2801 et

635 2849 857 2911 regem
906 2831 1205 2893 omnium
1254 2830 1454 2893 deum
1507 2831 1805 2893 remittis,
1918 2830 2006 2891 Et
2054 2830 2144 2892 sic
2199 2850 2349 2891 cum
2404 2828 2757 2892 Ptolomeo
2811 2828 3038 2891 Lucius

634 2917 1018 2980 interfectus
1051 2917 1367 2998 martyrio
1397 2927 1750 2980 coronatur
1781 2916 1958 2998 xiiij.
1989 2913 2330 2979 calandas⁷
2364 2916 2783 2981 Nouembris.

1258 3082 1326 3152 (1
1370 3076 1453 3139 H
1449 3076 1687 3139 ilarion
1719 3078 1780 3140 A
1792 3077 1957 3141 bbas.
2047 3077 2258 3140 Lectio
2288 3075 2429 3158 .t'g'j.⁸

652 3188 785 3318 H
808 3188 1048 3251 Ilarion
1097 3189 1306 3252 abbas
1338 3189 1404 3252 in
1436 3189 1584 3252 vico
1616 3189 1926 3251 Tabatha
1961 3210 2164 3272 prope
2192 3187 2421 3252 Gazan
2451 3189 2786 3253 Palestine
2826 3190 3040 3253 vrbem

845 3286 1028 3339 ortus
1059 3297 1146 3338 ex
1181 3276 1564 3358 parentibus
1612 3276 1970 3357 gentilibus
2022 3277 2417 3339 christianus
2465 3277 2606 3359 ipse
2654 3286 2726 3339 vt
2779 3298 2929 3339 rosa
2972 3276 3045 3338 de

639 3363 844 3445 spinis
894 3361 1195 3426 effloruit.
1308 3362 1441 3446 Qui
1499 3364 1983 3426 Alexandriam
2048 3364 2286 3426 missus
2339 3373 2541 3444 atque
2597 3364 2780 3426 breui
2839 3384 3046 3447 gram·

641 3450 952 3512 maticam
1043 3450 1320 3512 edoctus
1407 3460 1475 3513 et
1549 3450 1941 3513 christianus
2014 3449 2290 3513 effectus
2364 3450 2710 3513 ecclesiam
2791 3450 3045 3513 assidue

640 3535 1119 3617 frequentabat,
1150 3557 1284 3618 quo
1316 3546 1615 3619 tempore
1646 3557 1798 3599 cum
1850 3536 2128 3617 Antonij
2167 3557 2409 3600 nomen
2456 3548 2630 3600 esset
2677 3558 2797 3619 per
2845 3548 3045 3601 totam

642 3623 988 3706 Egyptum
1021 3623 1517 3687 celeberrimum
1551 3624 1819 3687 videndi
1852 3645 2005 3687 eum
2038 3625 2259 3686 studio
2289 3625 2594 3687 incensus
2623 3624 2708 3687 ad
2757 3643 3048 3688 eremum

640 3710 1000 3774 contendit.
1094 3710 1184 3773 Et
1230 3730 1381 3773 curn
1431 3711 1543 3774 illo
1595 3711 1857 3774 duobus
1908 3712 2244 3774 mensibus
2293 3721 2607 3788 versatuS,
2662 3712 2875 3793 ipsius
2926 3713 3050 3773 vite

643 3798 984 3872 rationem,
1088 3818 1166 3859 ac
1270 3817 1529 3860 morum
1635 3800 2032 3880 grauitatem
2139 3799 2492 3881 diligenter
2593 3799 3051 3862 considerauit.

644 3884 1107 3964 Reuersusque
1162 3883 1247 3947 ad
1303 3886 1583 3966 patriam
1642 3895 1855 3947 totum
1914 3887 2387 3968 patrimonium
2444 3885 2567 3948 sibi
2623 3905 2663 3947 a
2722 3886 3052 3949 defunctis

642 3971 1025 4055 parentibus
1116 3971 1414 4034 relictum
1508 3972 1909 4055 pauperibus
2006 3972 2282 4054 largitus
2378 3983 2497 4036 est.
2649 3972 2741 4034 Et
2842 3973 3052 4037 adhuc

639 4059 1026 4121 adolescens
1087 4079 1213 4121 .xv.
1273 4078 1598 4121 annorum
1662 4059 1747 4121 ad
1808 4079 2103 4122 eremum
2160 4061 2521 4122 reuertitur.
2636 4059 2768 4122 Vbi
2821 4059 3055 4123 cellula

639 4155 887 4208 structa
921 4145 1119 4227 paulo
1152 4145 1472 4228 ampliore
1517 4166 1720 4227 quam
1752 4158 1823 4208 vt
1855 4157 2120 4229 caperet
2164 4148 2306 4209 eius
2351 4146 2836 4229 corpusculum,
2868 4166 3055 4210 sacco

739 4294 754 4325 ¹
791 4296 1045 4360 reliquiis:
1084 4295 1162 4360 38.
1192 4310 1270 4358 41.
1301 4310 1380 4361 43.
1413 4310 1491 4359 49.
1523 4297 1601 4347 61.
1633 4297 1713 4362 63.
1744 4297 1823 4359 64.
2300 4296 2324 4328 ²
2355 4298 2438 4348 die
2468 4312 2539 4360 19.
2571 4300 2629 4346 iu
2656 4315 2719 4348 m.

737 4359 758 4391 ³
791 4361 1107 4411 consideret:
1143 4375 1222 4425 43.
1873 4362 1894 4393 ⁴
1935 4364 2072 4412 Thus
2094 4365 2198 4413 also
2221 4362 2298 4427 38.
2328 4376 2406 4427 43.
2459 4364 2700 4413 exitium:
2738 4377 2816 4427 39.
2849 4374 2948 4415 etc.

738 4425 758 4455 ⁶
791 4426 907 4475 ille:
945 4439 1022 4490 43.
1870 4426 1892 4458 ⁶
1924 4445 2037 4478 cum
2056 4429 2107 4478 id
2130 4430 2279 4493 plane
2302 4438 2665 4480 asseuerasset:
2701 4431 2814 4479 add.
2850 4443 2934 4493 39.
2962 4438 3049 4479 etc.

737 4489 758 4522 ⁷
793 4492 1062 4541 calendas:
1100 4491 1178 4555 38.
1208 4502 1301 4542 etc.
1871 4493 1893 4523 ⁸
1925 4495 1992 4544 di.
2025 4507 2100 4544 22.
2131 4497 2189 4543 in
2213 4511 2278 4543 m.
