3293 5225
303 475 431 528 IUN.
461 476 569 539 26.]
1024 479 1117 529 SS.
1158 479 1497 530 JOANNES
1528 479 1644 528 ET
1666 479 1759 528 ΡΑ
1773 479 1862 530 UL
1875 479 1973 528 US.
2615 489 2705 539 291

300 629 450 712 alijs
479 641 944 696 consummata
995 631 1208 696 vltimi
1259 632 1389 695 diei
1439 632 1676 696 merita
1730 632 2146 695 celebrantur
2197 630 2262 694 in
2318 632 2445 695 hoc
2498 630 2699 693 etiam

305 720 518 799 prima
543 719 651 782 die
672 721 815 800 ipsa
846 721 1117 783 Ioannis
1142 721 1330 784 initia
1353 729 1837 783 consecrantur.
1932 720 2059 781 Pro
2081 718 2204 781 hac
2225 718 2477 799 absque
2497 716 2702 780 dubio

300 825 518 881 causa,
550 809 707 887 quia
737 826 848 883 per
877 807 1052 870 hunc
1083 807 1394 870 dominus
1420 809 1783 870 aduentum
1807 826 1997 869 suum
2026 807 2132 868 ne¹
2165 806 2388 868 subito
2412 806 2701 887 inspera-

301 891 475 955 tum2
504 894 808 957 homines
852 915 984 957 non
1036 905 1508 976 agnoscerent:
1545 893 1754 957 voluit
1800 914 1945 957 esse
1985 903 2322 957 testatum.
2418 893 2701 955 Ioannes

302 990 528 1042 autem
553 979 762 1063 figura
787 980 909 1045 fuit
928 983 1168 1044 veteris
1192 982 1592 1054 testamenti,
1624 992 1691 1044 et
1716 981 1783 1042 in
1805 1001 1875 1044 se
1895 981 2162 1064 pertulit
2188 980 2468 1042 formam
2497 979 2661 1061 legis
2684 1001 2698 1040 :

303 1077 370 1130 et
432 1067 583 1130 ideo
646 1069 1026 1151 prenuntiat
1086 1068 1483 1132 saluatorem
1548 1079 1899 1132 venturum
1931 1090 1945 1146 ;
2006 1069 2176 1131 sicut
2236 1067 2346 1130 lex
2416 1067 2699 1150 gratiam

304 1156 720 1236 precucurrit.
813 1154 1014 1237 Quod
1045 1165 1271 1219 autem
1302 1156 1601 1219 nondum
1638 1165 1833 1218 natus
1852 1157 1937 1218 de
1956 1165 2207 1218 secreto
2230 1154 2508 1217 materni
2534 1152 2699 1216 vteri

302 1243 764 1324 prophetauit:
793 1253 861 1305 et
892 1263 1135 1325 expers
1166 1244 1328 1306 lucis
1360 1245 1490 1306 iam
1525 1244 1713 1307 testis
1731 1253 1833 1306 est
1850 1243 2145 1306 veritatis
2167 1266 2179 1304 :
2198 1242 2319 1304 hos
2338 1251 2440 1303 est
2466 1239 2701 1304 intelli·

303 1328 599 1410 gendum
623 1353 635 1392 :
659 1340 824 1411 quot
843 1330 1054 1392 latens
1074 1331 1200 1392 sub
1226 1331 1553 1393 velamine
1574 1329 1759 1393 litere
1778 1341 1845 1393 et
1869 1350 2064 1392 carne
2087 1353 2099 1392 :
2119 1340 2187 1392 et
2212 1330 2699 1411 redemptorem

309 1417 560 1479 mundo
612 1418 843 1500 spiritu
906 1417 1274 1498 predicauit
1331 1428 1399 1480 et
1453 1417 1642 1480 nobis
1700 1418 2067 1481 Dominum
2126 1416 2344 1479 Deum
2402 1425 2699 1478 nostrum

307 1504 494 1583 quasi
527 1504 611 1565 de
642 1505 934 1584 quodam
968 1504 1131 1586 legis
1156 1515 1341 1568 vtero
1369 1504 1823 1588 proclamauit.
1916 1504 2098 1586 Ergo
2129 1503 2286 1585 quia
2321 1503 2508 1565 Iudei
2530 1522 2701 1564 erra-

307 1600 546 1652 uerunt
566 1610 606 1653 a
630 1601 859 1653 ventre
883 1590 948 1653 id
981 1603 1082 1655 est
1114 1612 1154 1653 a
1185 1591 1329 1674 lege
1362 1612 1491 1673 que
1523 1591 1790 1656 Christo
1822 1591 2100 1674 grauida
2131 1600 2290 1668 erat,
2319 1598 2703 1652 errauerunt

306 1697 349 1738 a
397 1687 642 1751 ventre,
692 1678 891 1742 locuti
948 1690 1100 1742 sunt
1155 1678 1336 1743 falsa.
1432 1678 1595 1742 Ideo
1644 1678 1750 1741 hic
1804 1680 1983 1741 venit
2031 1678 2095 1740 in
2144 1678 2599 1740 testimonium
2632 1685 2703 1738 vt

309 1765 764 1828 testimonium
799 1765 1171 1848 perhiberet
1218 1767 1301 1828 de
1348 1765 1614 1829 lumine.
2032 1783 2038 1792 ·

680 1925 747 1995 ΙΙ
778 1919 1053 1982 Ioannes
1079 1931 1141 1983 et
1171 1919 1428 1983 Paulus
1459 1920 1799 2003 martyre?
1828 1920 2060 2002 duplex
2100 1921 2330 1986 minus.

1385 2032 1632 2096 Gratia.

457 2143 796 2209 Uesumus
827 2147 1254 2228 omnipotens
1286 2146 1449 2207 deus
1480 2156 1550 2208 vt
1583 2165 1705 2207 nos
1746 2147 2085 2227 geminata
2132 2146 2342 2210 letitia
2391 2147 2709 2209 hodierne

541 2231 918 2295 festiuitatis
965 2233 1275 2315 excipiat,
1329 2252 1458 2314 que
1511 2231 1596 2295 de
1657 2233 2002 2296 beatorum
2060 2233 2328 2296 Ioannis
2392 2244 2457 2296 et
2522 2233 2708 2296 Pauli

306 2318 785 2400 glorificatione
846 2320 1159 2400 procedit,
1222 2340 1390 2400 quos
1451 2321 1687 2382 eadem
1739 2318 1906 2382 fides
1957 2331 2024 2382 et
2082 2321 2301 2402 passio
2349 2342 2501 2383 vere
2555 2320 2710 2385 fecit

310 2426 454 2468 esse
484 2426 856 2488 germanos,
950 2427 1082 2489 per.

1312 2534 1531 2597 Lectio
1563 2534 1706 2617 .2·ij.⁴

324 2646 667 2774 IOannes
729 2658 795 2710 et
857 2648 1093 2729 paulus
1155 2646 1388 2710 fratres
1446 2648 1803 2711 christiane
1866 2648 2201 2731 religionis
2261 2648 2708 2727 colentissimi‚

479 2733 827 2798 domestici
862 2734 1126 2797 fuerunt
1161 2734 1552 2798 Constantie
1593 2734 1725 2797 filie
1755 2736 2161 2798 constantini
2214 2739 2456 2818 magni.
2571 2736 2704 2800 Sed

311 2839 463 2882 cum
502 2822 798 2884 Iulianus
830 2831 1139 2905 apostata
1165 2822 1513 2904 imperium
1540 2821 1958 2905 excepisset,⁵
1980 2822 2191 2887 factus
2211 2824 2449 2886 certior
2473 2824 2593 2886 hos
2614 2845 2704 2887 ex

312 2909 572 2990 magnis
627 2907 1070 2981 facultatibus
1118 2928 1284 2989 quas
1333 2909 1459 2971 illis
1514 2907 1910 2972 Constantia
1966 2910 2334 2991 reliquerat,
2385 2931 2705 2993 pauperes

308 2994 500 3071 alere,
518 2998 938 3058 occasionem
961 2996 1294 3079 captabat,
1315 2996 1584 3058 eosdem
1608 2996 1956 3078 spoliandi.
1996 2997 2190 3059 Iubet
2215 2998 2416 3080 igitur
2437 3018 2551 3059 eos
2572 3000 2704 3061 suis

310 3082 691 3145 domesticis
751 3083 1054 3160 adscribi,
1116 3103 1246 3144 non
1303 3083 1617 3145 dubitans
1668 3081 1817 3145 illos
1868 3083 2318 3146 conditionem
2372 3084 2705 3165 religionis

308 3170 521 3250 gratia
547 3181 993 3233 recusaturos:
1019 3170 1418 3252 negantibus
1453 3171 1653 3253 igitur
1685 3170 1811 3232 illis
1841 3172 1980 3233 eius
2015 3192 2083 3233 se
2105 3171 2243 3233 fore
2264 3172 2702 3235 domesticos:

308 3266 423 3318 aut
454 3258 749 3329 comiteS,
782 3259 964 3339 quia⁰
995 3257 1355 3320 christiana
1409 3259 1657 3339 pietate
1711 3256 2058 3320 defecisset
2119 3259 2414 3340 spacium
2470 3260 2700 3322 decem

308 3343 559 3405 dierum
596 3344 957 3426 prescribit,
986 3365 1120 3425 quo
1151 3342 1253 3406 vel
1289 3345 1611 3426 imperata
1645 3344 1936 3407 facerent
1967 3353 2034 3407 et
2071 3345 2212 3408 Ioui
2263 3345 2704 3410 sacrificarent

305 3429 406 3493 vel
441 3451 512 3493 se
542 3441 718 3493 certe
744 3433 938 3494 morti
971 3440 1296 3512 pararent.
1392 3431 1526 3513 Ipsi
1558 3452 1715 3493 vero
1738 3442 2011 3514 accepta
2042 3431 2423 3494 conditione
2458 3433 2700 3496 bonam

307 3527 563 3598 partem
597 3538 862 3580 suarum
897 3517 1287 3581 facultatum
1322 3518 1725 3601 pauperibus
1759 3521 2122 3602 prescripto
2153 3530 2455 3602 tempore
2486 3518 2701 3584 distri-

303 3605 604 3668 buerunt.
629 3604 909 3667 Decima
929 3605 1037 3668 die
1058 3605 1497 3668 Terentianus
1519 3606 1846 3688 prefectus
1868 3608 2149 3688 pretorie
2168 3607 2456 3669 cohortis
2468 3608 2706 3670 missus

304 3710 417 3753 eos
452 3693 704 3755 inuenit
735 3702 1001 3755 orantes
1045 3712 1085 3754 a
1137 3712 1271 3773 quo
1323 3693 1480 3774 quid
1535 3695 1921 3756 statuissent
1972 3695 2202 3775 rogati,
2254 3715 2405 3756 cum
2460 3714 2530 3756 se
2585 3714 2705 3777 pro

303 3798 457 3840 vera
495 3777 811 3859 religione
860 3780 1054 3842 morti
1090 3789 1354 3862 paratos
1387 3800 1529 3841 esse
1562 3778 2091 3861 respondissent:
2117 3780 2225 3842 ille
2258 3792 2409 3864 post
2439 3784 2702 3844 tertiam

304 3866 516 3929 noctis
546 3865 775 3928 horam
811 3867 875 3928 in
909 3865 1114 3928 domo
1146 3868 1456 3949 ipsorum,
1490 3886 1571 3928 ne
1626 3866 1808 3929 fieret
1862 3867 2205 3942 tumultuS,
2256 3869 2473 3949 capite
2525 3877 2705 3931 trun-

306 3953 502 4023 cauit,
535 3973 611 4015 ac
644 3962 897 4016 secreto
953 3954 1274 4035 sepeliuit,
1308 3973 1659 4034 rumorque
1681 3973 1798 4036 per
1816 3955 2045 4017 vrbem
2072 3954 2158 4016 ab
2179 3954 2706 4019 interfectoribus

303 4059 568 4122 sparsus
600 4041 940 4114 increbuit,
977 4040 1296 4102 Ioannem
1329 4049 1397 4102 et
1443 4040 1719 4103 Paulum
1754 4043 1817 4103 in
1873 4040 2148 4103 exilium
2201 4042 2398 4104 fuisse
2452 4044 2705 4105 missos.

307 4125 440 4190 Sed
498 4146 599 4188 res
649 4129 1005 4190 enunciata
1056 4136 1156 4189 est
1208 4147 1248 4189 a
1301 4126 1714 4200 demonibuS,
1768 4129 1908 4208 qui?
1961 4149 2238 4211 corpora
2291 4131 2715 4210 quorundam

399 4262 417 4293 ¹
453 4280 589 4313 non:
625 4263 703 4313 66.
1603 4261 1626 4294 ²
1658 4263 1982 4329 inspiratum:
2018 4264 2097 4315 66.

399 4326 516 4378 3ἀί.
551 4328 626 4378 26.
658 4332 715 4378 in
739 4347 803 4379 m.
1608 4329 1629 4360 ⁴
1664 4330 1761 4379 Die
1784 4330 1930 4379 xxvi:
1958 4337 2040 4393 pr.
2071 4343 2148 4393 39.
2178 4343 2257 4392 41.

402 4392 424 4423 ⁸
455 4396 763 4460 accepisset:
801 4409 877 4458 39.
909 4408 987 4456 41.
1061 4395 1362 4460 recepisset:
1420 4409 1498 4456 44.
1529 4408 1606 4456 49.
1637 4395 1715 4445 61.
1746 4394 1824 4456 64.

403 4455 425 4489 ⁸
466 4459 605 4508 Thus
626 4461 730 4509 also
752 4458 829 4523 38.
902 4461 989 4526 qui
1021 4476 1084 4510 a:
1123 4473 1200 4525 39.
1229 4473 1308 4523 41.
1338 4472 1417 4524 43.
1445 4475 1525 4522 44.
1553 4474 1633 4523 49.
1664 4460 1741 4524 63.
1773 4460 1851 4521 64.
1880 4459 1959 4509 66.
2031 4476 2164 4526 qua:
2201 4460 2279 4510 61.

399 4522 699 4590 ⁷<1ue=39·

2314 4606 2362 4656 u
2414 4609 2450 4655 2
