3293 5225
1037 458 1297 509 INDEX
1346 460 1443 508 IN
1448 460 1617 508 VITA
1632 460 1682 507 Τ
1680 459 1813 508 ORI
1813 459 1907 508 OR
1923 458 2038 506 VM.
2636 458 2738 507 lxxi

431 618 502 688 (Ι
547 614 609 675 Α
630 614 820 692 feria
841 623 1078 694 quarta
1116 611 1420 676 cinerum
1454 633 1649 693 vsque
1675 612 1774 674 aa'
1795 611 2184 674 dominicam
2216 612 2294 674 a'e
2309 611 2625 693 passione.

565 700 1032 763 Inuitatorium
1563 698 1788 761 Hodie
1819 700 1872 761 si
1906 719 2153 761 vocem.
2188 697 2296 762 fol.
2338 700 2454 777 148
2488 698 2556 781 [8
2566 697 2648 780 3].

567 787 874 868 Hymnus
901 789 998 850 ad
1022 784 1448 850 matutinuml
1562 788 1672 849 Ex
1708 806 1908 849 more.
1941 784 2048 848 fol.
2091 788 2208 863 148
2241 784 2310 868 [8
2319 784 2402 867 3].

571 873 883 955 Hymnus
910 875 1008 937 aa'
1028 885 1326 955 vesperas
1561 873 1747 936 Audi
1786 874 2087 955 benigne.
2121 873 2228 936 fol.
2270 887 2389 953 150
2422 872 2582 954 [85].

313 1101 390 1164 D
447 1020 532 1113 (I.
560 1014 621 1077 Α
678 1015 999 1077 dominica
1048 1015 1125 1077 de
1157 1015 1464 1097 passione
1514 1034 1712 1094 vsque
1760 1013 2121 1094 adseriam
2151 1013 2451 1094 quintam
2485 1013 2553 1075 in
2585 1035 2736 1077 cena

389 1123 616 1164 onum.

567 1213 1038 1277 Inuitatorium
1563 1212 1898 1277 Christum
1932 1213 2039 1275 dei
2074 1212 2299 1277 filium.
2336 1213 2415 1277 so,
2459 1215 2577 1276 186

566 1388 875 1466 Hymnus
901 1389 999 1451 aa'
1022 1385 1447 1451 matutinum1
1571 1298 2073 1469 Phiilgillingua.
2109 1387 2216 1450 fol.
2259 1388 2377 1450 186
2410 1386 2617 1473 [116].

567 1474 876 1556 Hymnus
903 1476 1000 1538 aa'
1022 1487 1316 1557 vesperas
1564 1474 1839 1537 Vexilla
1872 1476 2060 1555 regis
2094 1474 2199 1536 fol.
2243 1475 2360 1536 188
2398 1471 2602 1558 [118].

446 1619 513 1688 (I
562 1614 621 1675 A
647 1613 894 1694 pascha
925 1634 1121 1695 vsque
1150 1613 1247 1675 aa'
1267 1612 1712 1675 ascensionem.

570 1726 1037 1789 Inuitatorium
1567 1725 1874 1789 Surrexit
1896 1724 2224 1788 dominus,
2248 1724 2355 1788 fol.
2385 1727 2510 1787 208
2532 1725 2591 1807 [1
2610 1726 2734 1808 34].

567 1813 875 1894 Hymnus
901 1815 998 1874 ad
1024 1810 1443 1875 matutinum¹
1565 1811 1827 1873 Aurora
1861 1812 2039 1875 lucis,
2076 1811 2179 1875 sol.
2214 1814 2339 1874 208
2372 1811 2575 1893 [134J.

569 1901 877 1981 Hymnus
904 1900 1001 1962 aa'
1024 1910 1317 1980 vesperas
1564 1898 1678 1961 Ad
1712 1919 1944 1961 cenam
1979 1901 2152 1980 agni.
2186 1898 2292 1962 sol.
2327 1916 2453 1977 209
2486 1897 2691 1984 [136].

445 2031 512 2101 (Ι
561 2025 724 2087 Item
804 2026 873 2086 in
949 2024 1344 2105 supradictis
1383 2024 1585 2103 foliis
1655 2024 2075 2085 inuenientur
2133 2023 2329 2085 etiam
2389 2025 2737 2106 antiphone

308 2113 578 2175 dicende
606 2112 701 2173 ad
727 2112 1142 2187 matutinum,
1173 2112 1415 2186 laudes,
1443 2121 1508 2174 et
1554 2123 1848 2192 vesperas
1896 2111 1964 2171 in
1984 2110 2302 2191 predictis
2332 2113 2732 2192 temporibus,

304 2221 437 2283 que
468 2210 681 2261 tamen
713 2220 1175 2281 nonnunquam
1210 2198 1519 2260 mutande
1546 2207 1716 2272 sunt,
1749 2208 1822 2260 vt
1848 2198 1989 2259 suis
2018 2197 2171 2260 locis
2201 2197 2541 2263 videbitur.

447 2343 513 2412 (Ι
561 2335 960 2399 Inuitatoria
1010 2335 1271 2411 autem?
1303 2345 1367 2397 et
1411 2336 1657 2416 hymni,
1690 2356 1922 2397 necnon
1976 2333 2317 2415 antiphone
2329 2337 2580 2417 festiue
2608 2359 2732 2401 non

312 2424 620 2504 indigent
708 2424 926 2497 indice,
1014 2424 1172 2504 quia
1247 2425 1522 2504 propria
1612 2423 2013 2503 reperientur
2100 2424 2169 2485 in
2244 2424 2734 2503 sestiuitatibus

294 2511 594 2592 probriys
615 2509 664 2572 :3
706 2512 1072 2572 communia
1102 2532 1249 2573 vero
1282 2511 1351 2572 in
1382 2509 1823 2572 communibus
1849 2510 2264 2572 sanctorum.4

417 2737 430 2767 ¹
469 2738 754 2786 matutinas:
790 2748 868 2798 43.
1363 2733 1385 2764 ²
1416 2752 1508 2783 om.
1540 2748 1618 2798 43.
2128 2735 2149 2764 ³
2183 2737 2430 2800 propriis:
2468 2737 2545 2799 38.

414 2802 436 2832 ⁴
472 2804 530 2851 In
555 2815 614 2864 43
642 2803 757 2850 here
782 2803 822 2850 is
847 2801 1044 2865 printed
1070 2802 1232 2849 Index
1267 2802 1604 2858 psalmorum,
1630 2800 1731 2848 and
1762 2799 1811 2848 in
1847 2800 1910 2862 63
1945 2799 2115 2848 follow
2153 2803 2313 2849 ludex
2335 2804 2729 2865 Evangeliorum

306 2877 361 2917 et
384 2869 729 2930 Ept’stolarum
752 2867 852 2916 and
878 2868 1039 2914 Index
1062 2868 1397 2924 Psalmorum,
1424 2865 1763 2928 immediately
1786 2865 2020 2914 followed
2055 2865 2119 2928 by
2145 2868 2228 2914 the
2253 2867 2508 2931 following
2533 2885 2733 2933 prayers

312 2934 441 2982 with
470 2934 566 2981 this
589 2933 711 2981 title.

418 2999 503 3047 He
524 2999 653 3047 duae
674 2997 925 3046 orationes
949 3007 1064 3046 sunt
1088 2997 1149 3044 ad
1176 2996 1387 3045 libitum.

1080 3129 1254 3177 Oralio
1276 3137 1391 3176 ante
1416 3129 1774 3176 inchoationem
1798 3128 1960 3192 officij-

318 3220 633 3311 leerator
656 3221 931 3270 animarum
957 3219 1128 3268 mundi
1152 3219 1436 3281 redemptor
1464 3218 1575 3268 Iesu
1601 3218 1798 3267 Christe
1823 3235 1910 3268 rex
1932 3227 2101 3268 eterne
2119 3228 2167 3268 et
2192 3219 2485 3269 immortalis
2506 3240 2517 3269 :
2544 3238 2730 3286 quaeso

475 3287 767 3334 immensam
791 3285 1106 3334 clementiam
1132 3295 1287 3343 tuam,
1306 3293 1359 3332 vt
1379 3298 1466 3347 per
1479 3283 1874 3332 modulationem
1901 3285 2223 3348 psalmorum,
2243 3301 2369 3349 quos
2386 3301 2480 3349 ego
2499 3297 2730 3366 peccator

305 3351 547 3415 indignus
569 3352 832 3400 decantare
857 3365 1081 3414 propono
1105 3349 1312 3399 :liberes
1335 3349 1552 3397 animam
1579 3365 1741 3398 meam
1778 3347 1809 3397 a
1833 3358 2041 3413 peccato
2064 3357 2143 3399 :et
2177 3366 2261 3398 cor
2295 3366 2458 3399 meum
2501 3367 2530 3400 a
2565 3354 2729 3416 prauis

303 3417 716 3480 cogitationibus,
741 3431 799 3464 ac
834 3415 1027 3477 insidijs
1059 3415 1290 3462 omnibus
1323 3413 1584 3462 diabolicis
1617 3424 1787 3462 auerte
1814 3431 1826 3462 τ
1855 3415 2010 3463 libera
2045 3430 2231 3479 quaeso
2269 3416 2470 3466 domine
2509 3418 2727 3467 animam

300 3499 473 3530 meam
498 3483 527 3530 a
551 3482 787 3530 seruitute
813 3482 1002 3544 peccati
1043 3480 1255 3542 :repelle
1279 3497 1309 3527 a
1332 3495 1411 3528 me
1434 3481 1684 3528 carnalem
1708 3479 2161 3543 concupiscentiam
2184 3499 2195 3529 ε
2217 3480 2353 3545 eripe
2377 3497 2455 3529 me
2489 3482 2553 3531 de
2586 3485 2725 3532 omni

303 3548 675 3612 impedimento
724 3546 961 3594 sathanae
982 3555 1060 3594 :et
1101 3545 1438 3594 ministrorum
1478 3544 1599 3598 eius,
1638 3553 1687 3592 et
1719 3544 2028 3593 inimicorum
2071 3561 2291 3594 meorum
2350 3546 2635 3607 visibilium,
2678 3560 2725 3599 et

294 3612 650 3672 inuisibiiium,
687 3611 1028 3675 quaerentium
1067 3610 1284 3658 animam
1308 3626 1470 3658 meam
1493 3611 1741 3659 :saluator
1763 3610 1935 3659 mundi
1961 3611 2112 3659 Deus.
2185 3611 2286 3673 Qui
2310 3611 2435 3660 viuis
2457 3621 2504 3661 et
2529 3629 2722 3677 regnas.

298 3679 401 3727 Per
422 3677 593 3727 omnia
614 3678 783 3726 seculo
804 3677 1096 3725 seculorum.
1168 3678 1348 3724 Amen.

1068 3817 1184 3864 Post
1195 3825 1453 3879 peractum
1476 3816 1704 3881 officium.
1783 3817 1970 3864 Oratio.

293 3909 565 4004 SVscipe
588 3908 974 3958 clementissime
1000 3908 1156 3981 Deus,
1182 3906 1409 3982 precibus
1432 3915 1481 3982 et
1504 3906 1693 3981 meritis
1715 3906 1891 3964 beatae
1918 3907 2108 3956 Mariae
2133 3924 2327 3972 semper
2349 3909 2569 3971 virginis,
2593 3911 2724 3961 beati

446 3975 719 4025 Michaelis
753 3974 1059 4034 archangeli,
1101 3974 1230 4020 bean
1273 3974 1476 4020 Ioannis
1517 3972 1792 4034 Baptistae,
1829 3983 2109 4021 sanctorum
2150 3975 2486 4038 apostolorum
2529 3987 2722 4025 tuorum

288 4044 431 4092 Petri
456 4055 506 4091 et
535 4040 698 4094 Pauli,
725 4055 784 4088 ac
806 4039 1029 4087 omnium
1055 4039 1322 4086 electorum
1349 4048 1541 4086 tuorum
1566 4037 1858 4101 obsequium
1892 4039 2139 4087 seruitutis
2175 4056 2344 4088 meae:
2383 4051 2430 4089 et
2466 4041 2506 4088 si
2542 4041 2592 4089 in
2627 4042 2726 4091 hoc

285 4120 379 4158 tuo
403 4124 552 4158 sacro
577 4105 743 4154 officio
765 4104 954 4167 aliquid
979 4103 1183 4166 dignum
1211 4102 1395 4166 peregi,
1424 4102 1668 4166 propitius
1690 4103 1900 4166 respice,
1927 4112 1975 4151 et
2009 4104 2144 4166 quod
2178 4105 2485 4168 negligenter
2520 4123 2609 4170 per
2642 4123 2722 4156 me

278 4185 457 4224 actum
485 4183 586 4230 est,
613 4172 695 4219 vel
718 4169 1032 4233 imperfecte,
1058 4169 1328 4216 clementer
1352 4168 1552 4231 ignosce
1576 4181 1655 4217 :et
1680 4184 1760 4216 me
1784 4168 2020 4215 famulum
2048 4177 2181 4216 tuum
2211 4170 2275 4217 N.
2306 4170 2491 4218 vtinam
2517 4172 2720 4234 dignum

267 4242 349 4290 ab
370 4240 516 4289 omni
544 4236 854 4286 aduersitate
879 4233 1072 4282 custodi
1092 4245 1170 4282 :et
1196 4234 1245 4281 in
1271 4243 1463 4282 tuorum
1500 4233 1725 4282 semitam
1763 4235 2108 4281 mandatorum
2145 4233 2301 4297 dirige
2324 4253 2335 4284 :
2358 4245 2409 4283 vt
2442 4235 2506 4283 ad
2541 4237 2721 4298 gaudia

264 4306 506 4372 paradisi
533 4301 801 4369 peruenire
826 4301 1037 4347 valeam.
1106 4301 1283 4347 Arnen.
