<?xml version="1.0" encoding="UTF-8"?>
<!DOCTYPE html PUBLIC "-//W3C//DTD XHTML 1.0 Transitional//EN"
    "http://www.w3.org/TR/xhtml1/DTD/xhtml1-transitional.dtd">
<html xmlns="http://www.w3.org/1999/xhtml" xml:lang="en" lang="en">
 <head>
  <title>
</title>
<meta http-equiv="Content-Type" content="text/html;charset=utf-8" />
  <meta name='ocr-system' content='tesseract 3.04.00' />
  <meta name='ocr-capabilities' content='ocr_page ocr_carea ocr_par ocr_line ocrx_word'/>
</head>
<body>
  <div class='ocr_page' id='page_1' title='image "./secondrecension00legggoog_0354.png"; bbox 0 0 3293 5225; ppageno 0'>
   <div class='ocr_carea' id='block_1_1' title="bbox 529 451 2935 514">
    <p class='ocr_par' dir='ltr' id='par_1_1' title="bbox 529 451 2935 514">
     <span class='ocr_line' id='line_1_1' title="bbox 529 451 2935 514; baseline -0.001 -12"><span class='ocrx_word' id='word_1_1' title='bbox 529 451 626 502; x_wconf 86' lang='lat'>280</span> <span class='ocrx_word' id='word_1_2' title='bbox 1197 451 1575 502; x_wconf 86' lang='lat' dir='ltr'><em>INVENTIO</em></span> <span class='ocrx_word' id='word_1_3' title='bbox 1609 452 1962 501; x_wconf 82' lang='lat' dir='ltr'><em>SANCTAE</em></span> <span class='ocrx_word' id='word_1_4' title='bbox 1999 451 2278 503; x_wconf 86' lang='lat' dir='ltr'><em>CRUCIS.</em></span> <span class='ocrx_word' id='word_1_5' title='bbox 2693 452 2854 513; x_wconf 74' lang='lat' dir='ltr'>[MAI.</span> <span class='ocrx_word' id='word_1_6' title='bbox 2885 463 2935 514; x_wconf 85' lang='lat'>3.</span> 
     </span>
    </p>
   </div>
   <div class='ocr_carea' id='block_1_2' title="bbox 529 605 2941 1473">
    <p class='ocr_par' dir='ltr' id='par_1_2' title="bbox 529 605 2941 1473">
     <span class='ocr_line' id='line_1_2' title="bbox 532 605 2938 689; baseline -0 -21"><span class='ocrx_word' id='word_1_7' title='bbox 532 615 926 686; x_wconf 86' lang='lat' dir='ltr'>quereretur,</span> <span class='ocrx_word' id='word_1_8' title='bbox 963 626 1078 687; x_wconf 90' lang='lat' dir='ltr'>per</span> <span class='ocrx_word' id='word_1_9' title='bbox 1109 605 1384 668; x_wconf 88' lang='lat' dir='ltr'>fluuium</span> <span class='ocrx_word' id='word_1_10' title='bbox 1418 605 1725 668; x_wconf 90' lang='lat' dir='ltr'>nauicula</span> <span class='ocrx_word' id='word_1_11' title='bbox 1757 606 2035 689; x_wconf 91' lang='lat' dir='ltr'>fugiens,</span> <span class='ocrx_word' id='word_1_12' title='bbox 2064 627 2153 669; x_wconf 86' lang='lat' dir='ltr'>ex</span> <span class='ocrx_word' id='word_1_13' title='bbox 2209 605 2536 669; x_wconf 89' lang='lat' dir='ltr'>industria</span> <span class='ocrx_word' id='word_1_14' title='bbox 2589 605 2653 667; x_wconf 91' lang='lat' dir='ltr'>in</span> <span class='ocrx_word' id='word_1_15' title='bbox 2708 625 2938 668; x_wconf 90' lang='lat' dir='ltr'>occur-</span> 
     </span>
     <span class='ocr_line' id='line_1_3' title="bbox 531 693 2940 775; baseline -0 -20"><span class='ocrx_word' id='word_1_16' title='bbox 531 713 677 755; x_wconf 88' lang='lat' dir='ltr'>sum</span> <span class='ocrx_word' id='word_1_17' title='bbox 711 713 782 755; x_wconf 91' lang='lat' dir='ltr'>se</span> <span class='ocrx_word' id='word_1_18' title='bbox 812 694 1302 774; x_wconf 88' lang='lat' dir='ltr'>insequentium</span> <span class='ocrx_word' id='word_1_19' title='bbox 1338 695 1620 756; x_wconf 85' lang='lat' dir='ltr'>recurrit.</span> <span class='ocrx_word' id='word_1_20' title='bbox 1699 693 1762 756; x_wconf 90' lang='lat' dir='ltr'><strong>A</strong></span> <span class='ocrx_word' id='word_1_21' title='bbox 1796 694 2037 774; x_wconf 92' lang='lat' dir='ltr'>quibus</span> <span class='ocrx_word' id='word_1_22' title='bbox 2068 693 2455 775; x_wconf 87' lang='lat' dir='ltr'>interrogati</span> <span class='ocrx_word' id='word_1_23' title='bbox 2487 693 2599 775; x_wconf 92' lang='lat' dir='ltr'>qui</span> <span class='ocrx_word' id='word_1_24' title='bbox 2648 713 2800 755; x_wconf 87' lang='lat' dir='ltr'>cum</span> <span class='ocrx_word' id='word_1_25' title='bbox 2855 713 2940 754; x_wconf 93' lang='lat' dir='ltr'>eo</span> 
     </span>
     <span class='ocr_line' id='line_1_4' title="bbox 531 779 2940 863; baseline 0 -22"><span class='ocrx_word' id='word_1_26' title='bbox 531 789 719 842; x_wconf 89' lang='lat' dir='ltr'>erant</span> <span class='ocrx_word' id='word_1_27' title='bbox 749 781 907 861; x_wconf 95' lang='lat' dir='ltr'>quid</span> <span class='ocrx_word' id='word_1_28' title='bbox 955 781 1037 842; x_wconf 92' lang='lat' dir='ltr'>de</span> <span class='ocrx_word' id='word_1_29' title='bbox 1094 781 1471 843; x_wconf 86' lang='lat' dir='ltr'>Athanasio</span> <span class='ocrx_word' id='word_1_30' title='bbox 1526 781 1989 863; x_wconf 86' lang='lat' dir='ltr'>accepissent?</span> <span class='ocrx_word' id='word_1_31' title='bbox 2039 800 2171 842; x_wconf 89' lang='lat' dir='ltr'>non</span> <span class='ocrx_word' id='word_1_32' title='bbox 2211 779 2412 862; x_wconf 89' lang='lat' dir='ltr'>longe</span> <span class='ocrx_word' id='word_1_33' title='bbox 2465 781 2682 862; x_wconf 90' lang='lat' dir='ltr'>ipsum</span> <span class='ocrx_word' id='word_1_34' title='bbox 2737 789 2940 842; x_wconf 89' lang='lat' dir='ltr'>eunte</span> 
     </span>
     <span class='ocr_line' id='line_1_5' title="bbox 531 866 2941 949; baseline 0 -21"><span class='ocrx_word' id='word_1_35' title='bbox 531 888 599 929; x_wconf 93' lang='lat' dir='ltr'>se</span> <span class='ocrx_word' id='word_1_36' title='bbox 632 866 875 930; x_wconf 91' lang='lat' dir='ltr'>vidisse</span> <span class='ocrx_word' id='word_1_37' title='bbox 908 867 1409 949; x_wconf 88' lang='lat' dir='ltr'>responderunt.</span> <span class='ocrx_word' id='word_1_38' title='bbox 1502 868 1732 948; x_wconf 88' lang='lat' dir='ltr'>Atque</span> <span class='ocrx_word' id='word_1_39' title='bbox 1758 869 1851 929; x_wconf 89' lang='lat' dir='ltr'>ita</span> <span class='ocrx_word' id='word_1_40' title='bbox 1878 866 2004 929; x_wconf 90' lang='lat' dir='ltr'>illis</span> <span class='ocrx_word' id='word_1_41' title='bbox 2023 867 2089 929; x_wconf 91' lang='lat' dir='ltr'>in</span> <span class='ocrx_word' id='word_1_42' title='bbox 2114 866 2449 930; x_wconf 87' lang='lat' dir='ltr'>diuersum</span> <span class='ocrx_word' id='word_1_43' title='bbox 2471 866 2941 929; x_wconf 87' lang='lat' dir='ltr'>festinantibus</span> 
     </span>
     <span class='ocr_line' id='line_1_6' title="bbox 531 954 2941 1037; baseline 0 -22"><span class='ocrx_word' id='word_1_44' title='bbox 531 954 942 1017; x_wconf 74' lang='lat' dir='ltr'>Aethanasius</span> <span class='ocrx_word' id='word_1_45' title='bbox 974 956 1201 1017; x_wconf 88' lang='lat' dir='ltr'>euasit.</span> <span class='ocrx_word' id='word_1_46' title='bbox 1295 954 1429 1037; x_wconf 83' lang='lat' dir='ltr'>Qui</span> <span class='ocrx_word' id='word_1_47' title='bbox 1461 975 1593 1016; x_wconf 93' lang='lat' dir='ltr'>non</span> <span class='ocrx_word' id='word_1_48' title='bbox 1642 955 1854 1017; x_wconf 90' lang='lat' dir='ltr'>multo</span> <span class='ocrx_word' id='word_1_49' title='bbox 1908 964 2061 1037; x_wconf 90' lang='lat' dir='ltr'>post</span> <span class='ocrx_word' id='word_1_50' title='bbox 2116 954 2603 1017; x_wconf 87' lang='lat' dir='ltr'>Alexandriam</span> <span class='ocrx_word' id='word_1_51' title='bbox 2660 955 2941 1029; x_wconf 78' lang='lat' dir='ltr'>redienS,</span> 
     </span>
     <span class='ocr_line' id='line_1_7' title="bbox 530 1040 2940 1123; baseline -0 -20"><span class='ocrx_word' id='word_1_52' title='bbox 530 1040 661 1103; x_wconf 89' lang='lat' dir='ltr'>alia</span> <span class='ocrx_word' id='word_1_53' title='bbox 693 1041 963 1104; x_wconf 88' lang='lat' dir='ltr'>suborta</span> <span class='ocrx_word' id='word_1_54' title='bbox 1002 1051 1405 1123; x_wconf 89' lang='lat' dir='ltr'>tempestate</span> <span class='ocrx_word' id='word_1_55' title='bbox 1436 1052 1723 1123; x_wconf 90' lang='lat' dir='ltr'>quatuor</span> <span class='ocrx_word' id='word_1_56' title='bbox 1755 1040 2094 1105; x_wconf 89' lang='lat' dir='ltr'>mensibus</span> <span class='ocrx_word' id='word_1_57' title='bbox 2142 1042 2207 1103; x_wconf 90' lang='lat' dir='ltr'>in</span> <span class='ocrx_word' id='word_1_58' title='bbox 2258 1052 2538 1123; x_wconf 88' lang='lat' dir='ltr'>paterno</span> <span class='ocrx_word' id='word_1_59' title='bbox 2589 1040 2940 1122; x_wconf 89' lang='lat' dir='ltr'>sepulchro</span> 
     </span>
     <span class='ocr_line' id='line_1_8' title="bbox 529 1128 2941 1211; baseline -0 -22"><span class='ocrx_word' id='word_1_60' title='bbox 529 1128 807 1191; x_wconf 86' lang='lat' dir='ltr'>delituit.</span> <span class='ocrx_word' id='word_1_61' title='bbox 921 1128 1226 1191; x_wconf 88' lang='lat' dir='ltr'>Tandem</span> <span class='ocrx_word' id='word_1_62' title='bbox 1283 1128 1385 1191; x_wconf 89' lang='lat' dir='ltr'>his</span> <span class='ocrx_word' id='word_1_63' title='bbox 1448 1129 1924 1211; x_wconf 86' lang='lat' dir='ltr'>permultisque</span> <span class='ocrx_word' id='word_1_64' title='bbox 1976 1128 2124 1209; x_wconf 92' lang='lat' dir='ltr'>alijs</span> <span class='ocrx_word' id='word_1_65' title='bbox 2181 1128 2484 1210; x_wconf 88' lang='lat' dir='ltr'>periculis</span> <span class='ocrx_word' id='word_1_66' title='bbox 2533 1129 2760 1190; x_wconf 92' lang='lat' dir='ltr'>diuina</span> <span class='ocrx_word' id='word_1_67' title='bbox 2808 1146 2941 1210; x_wconf 90' lang='lat' dir='ltr'>ope</span> 
     </span>
     <span class='ocr_line' id='line_1_9' title="bbox 531 1215 2938 1292; baseline 0 -16"><span class='ocrx_word' id='word_1_68' title='bbox 531 1216 881 1279; x_wconf 89' lang='lat' dir='ltr'>liberatus:</span> <span class='ocrx_word' id='word_1_69' title='bbox 931 1215 1348 1279; x_wconf 87' lang='lat' dir='ltr'>Alexandrie</span> <span class='ocrx_word' id='word_1_70' title='bbox 1396 1227 1697 1279; x_wconf 88' lang='lat' dir='ltr'>mortuus</span> <span class='ocrx_word' id='word_1_71' title='bbox 1750 1226 1851 1278; x_wconf 86' lang='lat' dir='ltr'>est</span> <span class='ocrx_word' id='word_1_72' title='bbox 1906 1215 2238 1278; x_wconf 89' lang='lat' dir='ltr'>miraculis</span> <span class='ocrx_word' id='word_1_73' title='bbox 2292 1215 2524 1292; x_wconf 80' lang='lat' dir='ltr'>claru5‚</span> <span class='ocrx_word' id='word_1_74' title='bbox 2578 1236 2729 1278; x_wconf 91' lang='lat' dir='ltr'>cum</span> <span class='ocrx_word' id='word_1_75' title='bbox 2785 1234 2938 1277; x_wconf 88' lang='lat' dir='ltr'>eam</span> 
     </span>
     <span class='ocr_line' id='line_1_10' title="bbox 530 1302 2941 1386; baseline 0 -22"><span class='ocrx_word' id='word_1_76' title='bbox 530 1302 756 1366; x_wconf 90' lang='lat' dir='ltr'>sedem</span> <span class='ocrx_word' id='word_1_77' title='bbox 799 1324 922 1366; x_wconf 84' lang='lat' dir='ltr'>sex</span> <span class='ocrx_word' id='word_1_78' title='bbox 956 1313 1024 1366; x_wconf 93' lang='lat' dir='ltr'>et</span> <span class='ocrx_word' id='word_1_79' title='bbox 1056 1302 1500 1385; x_wconf 90' lang='lat' dir='ltr'>quadraginta</span> <span class='ocrx_word' id='word_1_80' title='bbox 1553 1324 1765 1366; x_wconf 89' lang='lat' dir='ltr'>annos</span> <span class='ocrx_word' id='word_1_81' title='bbox 1822 1323 1937 1386; x_wconf 89' lang='lat' dir='ltr'>per</span> <span class='ocrx_word' id='word_1_82' title='bbox 1987 1303 2169 1366; x_wconf 86' lang='lat' dir='ltr'>varia</span> <span class='ocrx_word' id='word_1_83' title='bbox 2215 1303 2581 1366; x_wconf 89' lang='lat' dir='ltr'>certamina</span> <span class='ocrx_word' id='word_1_84' title='bbox 2637 1302 2941 1379; x_wconf 85' lang='lat' dir='ltr'>rexisset,</span> 
     </span>
     <span class='ocr_line' id='line_1_11' title="bbox 531 1389 2067 1473; baseline 0.001 -23"><span class='ocrx_word' id='word_1_85' title='bbox 531 1389 872 1470; x_wconf 89' lang='lat' dir='ltr'>multaque</span> <span class='ocrx_word' id='word_1_86' title='bbox 904 1410 1106 1473; x_wconf 88' lang='lat' dir='ltr'>opera</span> <span class='ocrx_word' id='word_1_87' title='bbox 1139 1389 1522 1453; x_wconf 85' lang='lat' dir='ltr'>doctissime</span> <span class='ocrx_word' id='word_1_88' title='bbox 1564 1391 2067 1472; x_wconf 85' lang='lat' dir='ltr'>composuisset.</span> 
     </span>
    </p>
   </div>
   <div class='ocr_carea' id='block_1_3' title="bbox 1002 1731 2465 1808">
    <p class='ocr_par' dir='ltr' id='par_1_3' title="bbox 1002 1731 2465 1808">
     <span class='ocr_line' id='line_1_12' title="bbox 1002 1731 2465 1808; baseline 0.001 -14"><span class='ocrx_word' id='word_1_89' title='bbox 1002 1737 1070 1808; x_wconf 62' lang='grc' dir='ltr'>(Ι</span> <span class='ocrx_word' id='word_1_90' title='bbox 1121 1731 1601 1795; x_wconf 87' lang='lat' dir='ltr'><strong>INVENTIO</strong></span> <span class='ocrx_word' id='word_1_91' title='bbox 1670 1731 2050 1796; x_wconf 87' lang='lat' dir='ltr'>SANCTE</span> <span class='ocrx_word' id='word_1_92' title='bbox 2116 1731 2465 1796; x_wconf 86' lang='lat' dir='ltr'>CRUCIS</span> 
     </span>
    </p>
   </div>
   <div class='ocr_carea' id='block_1_4' title="bbox 1481 1870 1974 1951">
    <p class='ocr_par' dir='ltr' id='par_1_4' title="bbox 1481 1870 1974 1951">
     <span class='ocr_line' id='line_1_13' title="bbox 1481 1870 1974 1951; baseline 0.002 -19"><span class='ocrx_word' id='word_1_93' title='bbox 1481 1871 1718 1951; x_wconf 76' lang='lat' dir='ltr'>duplex</span> <span class='ocrx_word' id='word_1_94' title='bbox 1744 1870 1974 1933; x_wconf 84' lang='lat' dir='ltr'>maius.</span> 
     </span>
    </p>
   </div>
   <div class='ocr_carea' id='block_1_5' title="bbox 1248 2009 2217 2091">
    <p class='ocr_par' dir='ltr' id='par_1_5' title="bbox 1248 2009 2217 2091">
     <span class='ocr_line' id='line_1_14' title="bbox 1248 2009 2217 2091; baseline -0.001 -19"><span class='ocrx_word' id='word_1_95' title='bbox 1248 2015 1313 2085; x_wconf 69' lang='grc' dir='ltr'>(Ι</span> <span class='ocrx_word' id='word_1_96' title='bbox 1344 2010 1469 2072; x_wconf 77' lang='lat' dir='ltr'>Ad</span> <span class='ocrx_word' id='word_1_97' title='bbox 1492 2020 1802 2091; x_wconf 81' lang='lat' dir='ltr'>vesperas.</span> <span class='ocrx_word' id='word_1_98' title='bbox 1891 2009 1974 2071; x_wconf 91' lang='lat' dir='ltr'><em>H</em></span> <span class='ocrx_word' id='word_1_99' title='bbox 1954 2030 2217 2090; x_wconf 75' lang='lat' dir='ltr'>ymnuS.</span> 
     </span>
    </p>
   </div>
   <div class='ocr_carea' id='block_1_6' title="bbox 522 2118 2954 4032">
    <p class='ocr_par' dir='ltr' id='par_1_6' title="bbox 528 2118 2945 2378">
     <span class='ocr_line' id='line_1_15' title="bbox 536 2118 2945 2250; baseline -0 -65"><span class='ocrx_word' id='word_1_100' title='bbox 536 2121 872 2250; x_wconf 82' lang='lat' dir='ltr'>LVstris</span> <span class='ocrx_word' id='word_1_101' title='bbox 920 2141 1041 2183; x_wconf 84' lang='lat' dir='ltr'>sex</span> <span class='ocrx_word' id='word_1_102' title='bbox 1094 2122 1207 2203; x_wconf 91' lang='lat' dir='ltr'>qui</span> <span class='ocrx_word' id='word_1_103' title='bbox 1258 2122 1389 2183; x_wconf 89' lang='lat' dir='ltr'>iam</span> <span class='ocrx_word' id='word_1_104' title='bbox 1444 2122 1742 2203; x_wconf 80' lang='lat' dir='ltr'>peractiS‚</span> <span class='ocrx_word' id='word_1_105' title='bbox 1774 2122 2073 2204; x_wconf 91' lang='lat' dir='ltr'>Tempus</span> <span class='ocrx_word' id='word_1_106' title='bbox 2127 2120 2412 2202; x_wconf 90' lang='lat' dir='ltr'>implens</span> <span class='ocrx_word' id='word_1_107' title='bbox 2462 2121 2793 2203; x_wconf 90' lang='lat' dir='ltr'>corporis:</span> <span class='ocrx_word' id='word_1_108' title='bbox 2851 2118 2945 2184; x_wconf 87' lang='lat' dir='ltr'>Se</span> 
     </span>
     <span class='ocr_line' id='line_1_16' title="bbox 678 2207 2945 2291; baseline -0 -20"><span class='ocrx_word' id='word_1_109' title='bbox 678 2209 942 2271; x_wconf 89' lang='lat' dir='ltr'>volente</span> <span class='ocrx_word' id='word_1_110' title='bbox 975 2218 1170 2271; x_wconf 89' lang='lat' dir='ltr'>natus</span> <span class='ocrx_word' id='word_1_111' title='bbox 1202 2207 1286 2271; x_wconf 93' lang='lat' dir='ltr'>ad</span> <span class='ocrx_word' id='word_1_112' title='bbox 1320 2208 1447 2271; x_wconf 95' lang='lat' dir='ltr'>hoc</span> <span class='ocrx_word' id='word_1_113' title='bbox 1482 2210 1771 2291; x_wconf 89' lang='lat' dir='ltr'>passioni</span> <span class='ocrx_word' id='word_1_114' title='bbox 1804 2209 2089 2285; x_wconf 85' lang='lat' dir='ltr'>deditus,</span> <span class='ocrx_word' id='word_1_115' title='bbox 2111 2228 2325 2290; x_wconf 89' lang='lat' dir='ltr'>agnus</span> <span class='ocrx_word' id='word_1_116' title='bbox 2359 2209 2421 2269; x_wconf 95' lang='lat' dir='ltr'>in</span> <span class='ocrx_word' id='word_1_117' title='bbox 2457 2228 2648 2271; x_wconf 85' lang='lat' dir='ltr'>cruce</span> <span class='ocrx_word' id='word_1_118' title='bbox 2682 2208 2945 2270; x_wconf 89' lang='lat' dir='ltr'>leuatur</span> 
     </span>
     <span class='ocr_line' id='line_1_17' title="bbox 528 2296 1260 2378; baseline 0.001 -20"><span class='ocrx_word' id='word_1_119' title='bbox 528 2296 988 2359; x_wconf 89' lang='lat' dir='ltr'>Immolandus</span> <span class='ocrx_word' id='word_1_120' title='bbox 1017 2296 1260 2378; x_wconf 88' lang='lat' dir='ltr'>stipite.</span> 
     </span>
    </p>

    <p class='ocr_par' dir='ltr' id='par_1_7' title="bbox 524 2382 2947 2641">
     <span class='ocr_line' id='line_1_18' title="bbox 658 2382 2942 2465; baseline -0.001 -20"><span class='ocrx_word' id='word_1_121' title='bbox 658 2383 789 2445; x_wconf 90' lang='lat' dir='ltr'>Hic</span> <span class='ocrx_word' id='word_1_122' title='bbox 836 2395 1095 2446; x_wconf 91' lang='lat' dir='ltr'>acetum</span> <span class='ocrx_word' id='word_1_123' title='bbox 1160 2383 1244 2445; x_wconf 91' lang='lat' dir='ltr'>fel</span> <span class='ocrx_word' id='word_1_124' title='bbox 1293 2383 1566 2458; x_wconf 85' lang='lat' dir='ltr'>arundO,</span> <span class='ocrx_word' id='word_1_125' title='bbox 1619 2382 1853 2465; x_wconf 86' lang='lat' dir='ltr'>Sputa,</span> <span class='ocrx_word' id='word_1_126' title='bbox 1897 2382 2086 2458; x_wconf 91' lang='lat' dir='ltr'>claui,</span> <span class='ocrx_word' id='word_1_127' title='bbox 2134 2382 2381 2445; x_wconf 91' lang='lat' dir='ltr'>lancea.</span> <span class='ocrx_word' id='word_1_128' title='bbox 2476 2383 2643 2444; x_wconf 91' lang='lat' dir='ltr'>Mite</span> <span class='ocrx_word' id='word_1_129' title='bbox 2697 2402 2942 2464; x_wconf 91' lang='lat' dir='ltr'>corpus</span> 
     </span>
     <span class='ocr_line' id='line_1_19' title="bbox 524 2467 2947 2552; baseline -0.001 -20"><span class='ocrx_word' id='word_1_130' title='bbox 524 2470 909 2552; x_wconf 87' lang='lat' dir='ltr'>perforatur,</span> <span class='ocrx_word' id='word_1_131' title='bbox 942 2470 1248 2552; x_wconf 84' lang='lat' dir='ltr'>Sanguis,</span> <span class='ocrx_word' id='word_1_132' title='bbox 1280 2468 1460 2532; x_wconf 89' lang='lat' dir='ltr'>vnda</span> <span class='ocrx_word' id='word_1_133' title='bbox 1493 2468 1776 2552; x_wconf 89' lang='lat' dir='ltr'>profluit,</span> <span class='ocrx_word' id='word_1_134' title='bbox 1809 2469 2032 2544; x_wconf 88' lang='lat' dir='ltr'>Terra,</span> <span class='ocrx_word' id='word_1_135' title='bbox 2065 2479 2327 2551; x_wconf 77' lang='lat' dir='ltr'>pontuS,</span> <span class='ocrx_word' id='word_1_136' title='bbox 2358 2477 2569 2532; x_wconf 89' lang='lat' dir='ltr'>astra:</span> <span class='ocrx_word' id='word_1_137' title='bbox 2617 2467 2947 2531; x_wconf 90' lang='lat' dir='ltr'>mundus:</span> 
     </span>
     <span class='ocr_line' id='line_1_20' title="bbox 525 2557 1337 2641; baseline -0.001 -20"><span class='ocrx_word' id='word_1_138' title='bbox 525 2558 680 2641; x_wconf 80' lang='lat' dir='ltr'>Quo</span> <span class='ocrx_word' id='word_1_139' title='bbox 712 2557 1019 2622; x_wconf 90' lang='lat' dir='ltr'>lauantur</span> <span class='ocrx_word' id='word_1_140' title='bbox 1051 2557 1337 2621; x_wconf 87' lang='lat' dir='ltr'>flumine.</span> 
     </span>
    </p>

    <p class='ocr_par' dir='ltr' id='par_1_8' title="bbox 525 2642 2945 2902">
     <span class='ocr_line' id='line_1_21' title="bbox 654 2642 2941 2725; baseline -0.001 -17"><span class='ocrx_word' id='word_1_141' title='bbox 654 2645 838 2709; x_wconf 85' lang='lat' dir='ltr'>Crux</span> <span class='ocrx_word' id='word_1_142' title='bbox 865 2645 1077 2708; x_wconf 86' lang='lat' dir='ltr'>fidelis</span> <span class='ocrx_word' id='word_1_143' title='bbox 1102 2647 1271 2708; x_wconf 90' lang='lat' dir='ltr'>inter</span> <span class='ocrx_word' id='word_1_144' title='bbox 1300 2665 1534 2707; x_wconf 90' lang='lat' dir='ltr'>omnes</span> <span class='ocrx_word' id='word_1_145' title='bbox 1561 2644 1786 2707; x_wconf 89' lang='lat' dir='ltr'>Arbor</span> <span class='ocrx_word' id='word_1_146' title='bbox 1807 2665 1939 2707; x_wconf 89' lang='lat' dir='ltr'>vna</span> <span class='ocrx_word' id='word_1_147' title='bbox 1972 2644 2245 2707; x_wconf 88' lang='lat' dir='ltr'>nobilis:</span> <span class='ocrx_word' id='word_1_148' title='bbox 2281 2644 2481 2707; x_wconf 90' lang='lat' dir='ltr'>Nulla</span> <span class='ocrx_word' id='word_1_149' title='bbox 2512 2644 2705 2725; x_wconf 91' lang='lat' dir='ltr'>sylua</span> <span class='ocrx_word' id='word_1_150' title='bbox 2735 2642 2941 2707; x_wconf 89' lang='lat' dir='ltr'>talem</span> 
     </span>
     <span class='ocr_line' id='line_1_22' title="bbox 525 2731 2945 2815; baseline -0.001 -20"><span class='ocrx_word' id='word_1_151' title='bbox 525 2733 773 2815; x_wconf 87' lang='lat' dir='ltr'>profert</span> <span class='ocrx_word' id='word_1_152' title='bbox 830 2735 1112 2808; x_wconf 86' lang='lat' dir='ltr'>Fronde,</span> <span class='ocrx_word' id='word_1_153' title='bbox 1164 2733 1374 2808; x_wconf 85' lang='lat' dir='ltr'>Flore,</span> <span class='ocrx_word' id='word_1_154' title='bbox 1428 2732 1763 2806; x_wconf 88' lang='lat' dir='ltr'>Germine,</span> <span class='ocrx_word' id='word_1_155' title='bbox 1816 2731 2031 2795; x_wconf 90' lang='lat' dir='ltr'>Dulce</span> <span class='ocrx_word' id='word_1_156' title='bbox 2086 2732 2359 2814; x_wconf 87' lang='lat' dir='ltr'>lignum,</span> <span class='ocrx_word' id='word_1_157' title='bbox 2410 2731 2638 2795; x_wconf 89' lang='lat' dir='ltr'>dulces</span> <span class='ocrx_word' id='word_1_158' title='bbox 2693 2731 2945 2805; x_wconf 81' lang='lat' dir='ltr'>clauOS,</span> 
     </span>
     <span class='ocr_line' id='line_1_23' title="bbox 525 2819 1357 2902; baseline 0 -18"><span class='ocrx_word' id='word_1_159' title='bbox 525 2820 739 2884; x_wconf 90' lang='lat' dir='ltr'>Dulce</span> <span class='ocrx_word' id='word_1_160' title='bbox 771 2819 1032 2902; x_wconf 89' lang='lat' dir='ltr'>pondus</span> <span class='ocrx_word' id='word_1_161' title='bbox 1064 2821 1357 2884; x_wconf 88' lang='lat' dir='ltr'>sustinet.</span> 
     </span>
    </p>

    <p class='ocr_par' dir='ltr' id='par_1_9' title="bbox 524 2903 2945 3164">
     <span class='ocr_line' id='line_1_24' title="bbox 659 2903 2945 2987; baseline -0.002 -17"><span class='ocrx_word' id='word_1_162' title='bbox 659 2905 909 2970; x_wconf 81' lang='lat' dir='ltr'>Flectel</span> <span class='ocrx_word' id='word_1_163' title='bbox 943 2927 1161 2969; x_wconf 88' lang='lat' dir='ltr'>ramos</span> <span class='ocrx_word' id='word_1_164' title='bbox 1207 2907 1402 2969; x_wconf 88' lang='lat' dir='ltr'>arbor</span> <span class='ocrx_word' id='word_1_165' title='bbox 1447 2906 1598 2982; x_wconf 89' lang='lat' dir='ltr'>alta,</span> <span class='ocrx_word' id='word_1_166' title='bbox 1633 2906 1858 2969; x_wconf 83' lang='lat' dir='ltr'>Tensa</span> <span class='ocrx_word' id='word_1_167' title='bbox 1904 2905 2062 2970; x_wconf 85' lang='lat' dir='ltr'>laxa</span> <span class='ocrx_word' id='word_1_168' title='bbox 2106 2905 2394 2968; x_wconf 88' lang='lat' dir='ltr'>viscera:</span> <span class='ocrx_word' id='word_1_169' title='bbox 2443 2906 2534 2968; x_wconf 90' lang='lat' dir='ltr'>Et</span> <span class='ocrx_word' id='word_1_170' title='bbox 2581 2905 2758 2987; x_wconf 87' lang='lat' dir='ltr'>rigor</span> <span class='ocrx_word' id='word_1_171' title='bbox 2803 2903 2945 2965; x_wconf 93' lang='lat' dir='ltr'>len-</span> 
     </span>
     <span class='ocr_line' id='line_1_25' title="bbox 524 2991 2945 3076; baseline -0.001 -20"><span class='ocrx_word' id='word_1_172' title='bbox 524 3004 736 3057; x_wconf 90' lang='lat' dir='ltr'>tescat</span> <span class='ocrx_word' id='word_1_173' title='bbox 768 2995 891 3067; x_wconf 91' lang='lat' dir='ltr'>ille,</span> <span class='ocrx_word' id='word_1_174' title='bbox 928 2993 1146 3076; x_wconf 79' lang='lat' dir='ltr'>Quem</span> <span class='ocrx_word' id='word_1_175' title='bbox 1182 2993 1368 3057; x_wconf 90' lang='lat' dir='ltr'>dedit</span> <span class='ocrx_word' id='word_1_176' title='bbox 1400 2994 1753 3056; x_wconf 88' lang='lat' dir='ltr'>natiuitas:</span> <span class='ocrx_word' id='word_1_177' title='bbox 1798 2993 1897 3057; x_wconf 89' lang='lat' dir='ltr'>Vt</span> <span class='ocrx_word' id='word_1_178' title='bbox 1938 2993 2200 3075; x_wconf 87' lang='lat' dir='ltr'>superni</span> <span class='ocrx_word' id='word_1_179' title='bbox 2237 2992 2536 3056; x_wconf 90' lang='lat' dir='ltr'>membra</span> <span class='ocrx_word' id='word_1_180' title='bbox 2567 2992 2739 3075; x_wconf 88' lang='lat' dir='ltr'>regis</span> <span class='ocrx_word' id='word_1_181' title='bbox 2788 2991 2945 3054; x_wconf 84' lang='lat' dir='ltr'>Miti</span> 
     </span>
     <span class='ocr_line' id='line_1_26' title="bbox 525 3080 1032 3164; baseline 0 -21"><span class='ocrx_word' id='word_1_182' title='bbox 525 3080 760 3144; x_wconf 90' lang='lat' dir='ltr'>tendas</span> <span class='ocrx_word' id='word_1_183' title='bbox 792 3083 1032 3164; x_wconf 89' lang='lat' dir='ltr'>stipite.</span> 
     </span>
    </p>

    <p class='ocr_par' dir='ltr' id='par_1_10' title="bbox 527 3166 2951 3425">
     <span class='ocr_line' id='line_1_27' title="bbox 659 3166 2947 3249; baseline -0.002 -17"><span class='ocrx_word' id='word_1_184' title='bbox 659 3168 819 3232; x_wconf 87' lang='lat' dir='ltr'>Sola</span> <span class='ocrx_word' id='word_1_185' title='bbox 867 3170 1071 3249; x_wconf 88' lang='lat' dir='ltr'>digna</span> <span class='ocrx_word' id='word_1_186' title='bbox 1126 3178 1197 3231; x_wconf 89' lang='lat' dir='ltr'>tu</span> <span class='ocrx_word' id='word_1_187' title='bbox 1260 3168 1438 3230; x_wconf 89' lang='lat' dir='ltr'>fuisti</span> <span class='ocrx_word' id='word_1_188' title='bbox 1535 3167 1733 3229; x_wconf 89' lang='lat' dir='ltr'>Ferre</span> <span class='ocrx_word' id='word_1_189' title='bbox 1783 3166 1938 3230; x_wconf 86' lang='lat' dir='ltr'>secli</span> <span class='ocrx_word' id='word_1_190' title='bbox 1996 3167 2326 3248; x_wconf 88' lang='lat' dir='ltr'>precium:</span> <span class='ocrx_word' id='word_1_191' title='bbox 2389 3166 2619 3247; x_wconf 88' lang='lat' dir='ltr'>Atque</span> <span class='ocrx_word' id='word_1_192' title='bbox 2676 3175 2947 3248; x_wconf 91' lang='lat' dir='ltr'>portum</span> 
     </span>
     <span class='ocr_line' id='line_1_28' title="bbox 527 3252 2951 3337; baseline -0.001 -20"><span class='ocrx_word' id='word_1_193' title='bbox 527 3275 876 3337; x_wconf 89' lang='lat' dir='ltr'>preparare</span> <span class='ocrx_word' id='word_1_194' title='bbox 927 3256 1152 3318; x_wconf 89' lang='lat' dir='ltr'>Nauta</span> <span class='ocrx_word' id='word_1_195' title='bbox 1199 3254 1451 3318; x_wconf 92' lang='lat' dir='ltr'>mundo</span> <span class='ocrx_word' id='word_1_196' title='bbox 1498 3254 1857 3337; x_wconf 87' lang='lat' dir='ltr'>naufrago:</span> <span class='ocrx_word' id='word_1_197' title='bbox 1905 3253 2122 3336; x_wconf 82' lang='lat' dir='ltr'>Quem</span> <span class='ocrx_word' id='word_1_198' title='bbox 2162 3274 2348 3316; x_wconf 90' lang='lat' dir='ltr'>sacer</span> <span class='ocrx_word' id='word_1_199' title='bbox 2391 3273 2583 3316; x_wconf 88' lang='lat' dir='ltr'>cruor</span> <span class='ocrx_word' id='word_1_200' title='bbox 2629 3252 2951 3335; x_wconf 84' lang='lat' dir='ltr'>perunxit</span> 
     </span>
     <span class='ocr_line' id='line_1_29' title="bbox 529 3343 1252 3425; baseline -0.001 -21"><span class='ocrx_word' id='word_1_201' title='bbox 529 3343 742 3405; x_wconf 90' lang='lat' dir='ltr'>Fusus</span> <span class='ocrx_word' id='word_1_202' title='bbox 774 3344 929 3425; x_wconf 88' lang='lat' dir='ltr'>agni</span> <span class='ocrx_word' id='word_1_203' title='bbox 962 3363 1252 3424; x_wconf 88' lang='lat' dir='ltr'>corpore.</span> 
     </span>
    </p>

    <p class='ocr_par' dir='ltr' id='par_1_11' title="bbox 526 3425 2952 3665">
     <span class='ocr_line' id='line_1_30' title="bbox 658 3425 2952 3510; baseline -0.001 -18"><span class='ocrx_word' id='word_1_204' title='bbox 658 3428 882 3492; x_wconf 90' lang='lat' dir='ltr'>Gloria</span> <span class='ocrx_word' id='word_1_205' title='bbox 906 3439 973 3492; x_wconf 90' lang='lat' dir='ltr'>et</span> <span class='ocrx_word' id='word_1_206' title='bbox 997 3430 1210 3491; x_wconf 89' lang='lat' dir='ltr'>honor</span> <span class='ocrx_word' id='word_1_207' title='bbox 1235 3429 1361 3492; x_wconf 91' lang='lat' dir='ltr'>deo</span> <span class='ocrx_word' id='word_1_208' title='bbox 1451 3429 1821 3510; x_wconf 94' lang='lat' dir='ltr'>Vsquequo</span> <span class='ocrx_word' id='word_1_209' title='bbox 1846 3428 2188 3491; x_wconf 81' lang='lat' dir='ltr'>altissimo,</span> <span class='ocrx_word' id='word_1_210' title='bbox 2280 3428 2436 3490; x_wconf 91' lang='lat' dir='ltr'>Vna</span> <span class='ocrx_word' id='word_1_211' title='bbox 2463 3426 2653 3509; x_wconf 88' lang='lat' dir='ltr'>patri,</span> <span class='ocrx_word' id='word_1_212' title='bbox 2679 3425 2952 3507; x_wconf 89' lang='lat' dir='ltr'>filioque</span> 
     </span>
     <span class='ocr_line' id='line_1_31' title="bbox 531 3512 2951 3599; baseline 0 -22"><span class='ocrx_word' id='word_1_213' title='bbox 531 3515 793 3597; x_wconf 90' lang='lat' dir='ltr'>Inclyto</span> <span class='ocrx_word' id='word_1_214' title='bbox 827 3516 1163 3599; x_wconf 87' lang='lat' dir='ltr'>paracleto</span> <span class='ocrx_word' id='word_1_215' title='bbox 1211 3515 1332 3579; x_wconf 91' lang='lat' dir='ltr'>Cui</span> <span class='ocrx_word' id='word_1_216' title='bbox 1374 3516 1517 3578; x_wconf 89' lang='lat' dir='ltr'>laus</span> <span class='ocrx_word' id='word_1_217' title='bbox 1562 3526 1665 3578; x_wconf 91' lang='lat' dir='ltr'>est</span> <span class='ocrx_word' id='word_1_218' title='bbox 1696 3524 1764 3577; x_wconf 91' lang='lat' dir='ltr'>et</span> <span class='ocrx_word' id='word_1_219' title='bbox 1810 3524 2106 3598; x_wconf 89' lang='lat' dir='ltr'>potestas</span> <span class='ocrx_word' id='word_1_220' title='bbox 2199 3514 2322 3578; x_wconf 89' lang='lat' dir='ltr'>Per</span> <span class='ocrx_word' id='word_1_221' title='bbox 2353 3515 2678 3577; x_wconf 86' lang='lat' dir='ltr'>immensa</span> <span class='ocrx_word' id='word_1_222' title='bbox 2709 3512 2951 3577; x_wconf 83' lang='lat' dir='ltr'>secula.</span> 
     </span>
     <span class='ocr_line' id='line_1_32' title="bbox 526 3602 767 3665; baseline 0 -1"><span class='ocrx_word' id='word_1_223' title='bbox 526 3602 767 3665; x_wconf 87' lang='lat' dir='ltr'>Amen.</span> 
     </span>
    </p>

    <p class='ocr_par' dir='ltr' id='par_1_12' title="bbox 522 3686 2954 4032">
     <span class='ocr_line' id='line_1_33' title="bbox 656 3686 2950 3771; baseline -0.001 -20"><span class='ocrx_word' id='word_1_224' title='bbox 656 3689 716 3751; x_wconf 83' lang='lat' dir='ltr'><em>A</em></span> <span class='ocrx_word' id='word_1_225' title='bbox 728 3687 1054 3770; x_wconf 79' lang='lat' dir='ltr'>ntiplwna.</span> <span class='ocrx_word' id='word_1_226' title='bbox 1147 3688 1209 3753; x_wconf 93' lang='lat' dir='ltr'>O</span> <span class='ocrx_word' id='word_1_227' title='bbox 1243 3710 1406 3752; x_wconf 83' lang='lat' dir='ltr'>crux</span> <span class='ocrx_word' id='word_1_228' title='bbox 1455 3688 1865 3771; x_wconf 88' lang='lat' dir='ltr'>splendidior</span> <span class='ocrx_word' id='word_1_229' title='bbox 1895 3689 2150 3751; x_wconf 88' lang='lat' dir='ltr'>cunctis</span> <span class='ocrx_word' id='word_1_230' title='bbox 2187 3688 2380 3751; x_wconf 88' lang='lat' dir='ltr'>astris</span> <span class='ocrx_word' id='word_1_231' title='bbox 2411 3708 2542 3770; x_wconf 89' lang='lat' dir='ltr'>que</span> <span class='ocrx_word' id='word_1_232' title='bbox 2574 3687 2716 3750; x_wconf 91' lang='lat' dir='ltr'>sola</span> <span class='ocrx_word' id='word_1_233' title='bbox 2765 3686 2950 3750; x_wconf 88' lang='lat' dir='ltr'>fuisti</span> 
     </span>
     <span class='ocr_line' id='line_1_34' title="bbox 525 3773 2951 3858; baseline -0 -20"><span class='ocrx_word' id='word_1_234' title='bbox 525 3776 731 3858; x_wconf 88' lang='lat' dir='ltr'>digna</span> <span class='ocrx_word' id='word_1_235' title='bbox 777 3785 1041 3858; x_wconf 89' lang='lat' dir='ltr'>portare</span> <span class='ocrx_word' id='word_1_236' title='bbox 1087 3774 1414 3839; x_wconf 80' lang='lat' dir='ltr'>talentum</span> <span class='ocrx_word' id='word_1_237' title='bbox 1465 3778 1716 3839; x_wconf 90' lang='lat' dir='ltr'>mundi.</span> <span class='ocrx_word' id='word_1_238' title='bbox 1812 3776 2025 3839; x_wconf 89' lang='lat' dir='ltr'>Dulce</span> <span class='ocrx_word' id='word_1_239' title='bbox 2088 3777 2341 3857; x_wconf 89' lang='lat' dir='ltr'>lignum</span> <span class='ocrx_word' id='word_1_240' title='bbox 2406 3774 2657 3837; x_wconf 90' lang='lat' dir='ltr'>Dulces</span> <span class='ocrx_word' id='word_1_241' title='bbox 2702 3773 2951 3837; x_wconf 77' lang='lat' dir='ltr'>clauos·</span> 
     </span>
     <span class='ocr_line' id='line_1_35' title="bbox 527 3860 2954 3945; baseline -0.001 -20"><span class='ocrx_word' id='word_1_242' title='bbox 527 3863 770 3925; x_wconf 89' lang='lat' dir='ltr'>Dulcia</span> <span class='ocrx_word' id='word_1_243' title='bbox 820 3862 1032 3925; x_wconf 88' lang='lat' dir='ltr'>serens</span> <span class='ocrx_word' id='word_1_244' title='bbox 1080 3864 1393 3945; x_wconf 88' lang='lat' dir='ltr'>pondera,</span> <span class='ocrx_word' id='word_1_245' title='bbox 1426 3864 1611 3926; x_wconf 90' lang='lat' dir='ltr'>salua</span> <span class='ocrx_word' id='word_1_246' title='bbox 1661 3875 2034 3945; x_wconf 88' lang='lat' dir='ltr'>presentem</span> <span class='ocrx_word' id='word_1_247' title='bbox 2083 3874 2419 3925; x_wconf 89' lang='lat' dir='ltr'>cateruam</span> <span class='ocrx_word' id='word_1_248' title='bbox 2456 3863 2520 3924; x_wconf 89' lang='lat' dir='ltr'>in</span> <span class='ocrx_word' id='word_1_249' title='bbox 2567 3861 2700 3924; x_wconf 90' lang='lat' dir='ltr'>tuis</span> <span class='ocrx_word' id='word_1_250' title='bbox 2747 3860 2954 3924; x_wconf 85' lang='lat' dir='ltr'>hodie</span> 
     </span>
     <span class='ocr_line' id='line_1_36' title="bbox 522 3947 2897 4032; baseline -0 -20"><span class='ocrx_word' id='word_1_251' title='bbox 522 3949 831 4013; x_wconf 90' lang='lat' dir='ltr'>laudibus</span> <span class='ocrx_word' id='word_1_252' title='bbox 863 3960 1359 4032; x_wconf 81' lang='lat' dir='ltr'>congregatam.</span> <span class='ocrx_word' id='word_1_253' title='bbox 1455 3949 1813 4026; x_wconf 87' lang='lat' dir='ltr'>Halleluia,</span> <span class='ocrx_word' id='word_1_254' title='bbox 1846 3950 2175 4027; x_wconf 89' lang='lat' dir='ltr'>halleluia,</span> <span class='ocrx_word' id='word_1_255' title='bbox 2207 3949 2536 4024; x_wconf 87' lang='lat' dir='ltr'>halleluia,</span> <span class='ocrx_word' id='word_1_256' title='bbox 2567 3947 2897 4011; x_wconf 88' lang='lat' dir='ltr'>halleluia.</span> 
     </span>
    </p>
   </div>
   <div class='ocr_carea' id='block_1_7' title="bbox 1608 4087 1852 4151">
    <p class='ocr_par' dir='ltr' id='par_1_13' title="bbox 1608 4087 1852 4151">
     <span class='ocr_line' id='line_1_37' title="bbox 1608 4087 1852 4151; baseline 0 0"><span class='ocrx_word' id='word_1_257' title='bbox 1608 4087 1852 4151; x_wconf 82' lang='lat' dir='ltr'>Oratio.</span> 
     </span>
    </p>
   </div>
   <div class='ocr_carea' id='block_1_8' title="bbox 519 4197 2952 4458">
    <p class='ocr_par' dir='ltr' id='par_1_14' title="bbox 519 4197 2952 4458">
     <span class='ocr_line' id='line_1_38' title="bbox 537 4197 2947 4329; baseline -0.002 -66"><span class='ocrx_word' id='word_1_258' title='bbox 537 4200 813 4329; x_wconf 87' lang='lat' dir='ltr'>DEus</span> <span class='ocrx_word' id='word_1_259' title='bbox 845 4200 956 4282; x_wconf 92' lang='lat' dir='ltr'>qui</span> <span class='ocrx_word' id='word_1_260' title='bbox 991 4200 1055 4262; x_wconf 92' lang='lat' dir='ltr'>in</span> <span class='ocrx_word' id='word_1_261' title='bbox 1091 4199 1385 4282; x_wconf 88' lang='lat' dir='ltr'>preclara</span> <span class='ocrx_word' id='word_1_262' title='bbox 1416 4199 1752 4263; x_wconf 87' lang='lat' dir='ltr'>salutifere</span> <span class='ocrx_word' id='word_1_263' title='bbox 1784 4199 2014 4263; x_wconf 85' lang='lat' dir='ltr'>Crucis</span> <span class='ocrx_word' id='word_1_264' title='bbox 2047 4199 2435 4262; x_wconf 89' lang='lat' dir='ltr'>inuentione</span> <span class='ocrx_word' id='word_1_265' title='bbox 2468 4197 2796 4281; x_wconf 88' lang='lat' dir='ltr'>passionis</span> <span class='ocrx_word' id='word_1_266' title='bbox 2828 4204 2947 4258; x_wconf 91' lang='lat' dir='ltr'>tue</span> 
     </span>
     <span class='ocr_line' id='line_1_39' title="bbox 700 4284 2952 4368; baseline -0.002 -17"><span class='ocrx_word' id='word_1_267' title='bbox 700 4287 1018 4351; x_wconf 89' lang='lat' dir='ltr'>miracula</span> <span class='ocrx_word' id='word_1_268' title='bbox 1050 4288 1382 4350; x_wconf 89' lang='lat' dir='ltr'>suscitasti</span> <span class='ocrx_word' id='word_1_269' title='bbox 1418 4287 1726 4363; x_wconf 92' lang='lat' dir='ltr'>concede,</span> <span class='ocrx_word' id='word_1_270' title='bbox 1749 4297 1821 4350; x_wconf 90' lang='lat' dir='ltr'>vt</span> <span class='ocrx_word' id='word_1_271' title='bbox 1852 4287 2071 4350; x_wconf 90' lang='lat' dir='ltr'>vitalis</span> <span class='ocrx_word' id='word_1_272' title='bbox 2106 4286 2263 4368; x_wconf 88' lang='lat' dir='ltr'>ligni</span> <span class='ocrx_word' id='word_1_273' title='bbox 2300 4286 2521 4368; x_wconf 90' lang='lat' dir='ltr'>precio</span> <span class='ocrx_word' id='word_1_274' title='bbox 2552 4293 2780 4347; x_wconf 90' lang='lat' dir='ltr'>eterne</span> <span class='ocrx_word' id='word_1_275' title='bbox 2811 4284 2952 4347; x_wconf 89' lang='lat' dir='ltr'>vite</span> 
     </span>
     <span class='ocr_line' id='line_1_40' title="bbox 519 4373 1815 4458; baseline 0.002 -22"><span class='ocrx_word' id='word_1_276' title='bbox 519 4375 834 4458; x_wconf 88' lang='lat' dir='ltr'>suffragia</span> <span class='ocrx_word' id='word_1_277' title='bbox 867 4395 1367 4457; x_wconf 88' lang='lat' dir='ltr'>consequamur.</span> <span class='ocrx_word' id='word_1_278' title='bbox 1461 4373 1596 4456; x_wconf 82' lang='lat' dir='ltr'>Qui</span> <span class='ocrx_word' id='word_1_279' title='bbox 1628 4375 1815 4438; x_wconf 79' lang='lat' dir='ltr'>vinis,</span> 
     </span>
    </p>
   </div>
   <div class='ocr_carea' id='block_1_9' title="bbox 1529 4516 1907 4581">
    <p class='ocr_par' dir='ltr' id='par_1_15' title="bbox 1529 4516 1907 4581">
     <span class='ocr_line' id='line_1_41' title="bbox 1529 4516 1907 4581; baseline -0.003 -13"><span class='ocrx_word' id='word_1_280' title='bbox 1529 4516 1545 4549; x_wconf 84' lang='lat'>¹</span> <span class='ocrx_word' id='word_1_281' title='bbox 1582 4519 1625 4568; x_wconf 91' lang='lat' dir='ltr'><strong>F</strong></span> <span class='ocrx_word' id='word_1_282' title='bbox 1627 4519 1755 4569; x_wconf 82' lang='lat' dir='ltr'>lecta</span> <span class='ocrx_word' id='word_1_283' title='bbox 1772 4535 1790 4569; x_wconf 71' lang='grc' dir='ltr'><strong><em>ε</em></strong></span> <span class='ocrx_word' id='word_1_284' title='bbox 1830 4531 1907 4581; x_wconf 87' lang='grc'>39.</span> 
     </span>
    </p>
   </div>
  </div>
 </body>
</html>
