3293 5225
990 501 1175 551 PSAL
1187 501 1373 551 TER!
1380 501 1516 550 VM:
1570 499 1668 549 IN
1714 499 1953 550 SABBA
1970 500 2074 549 TO.
2682 512 2747 561 29

993 680 1251 743 Deinde
1282 677 1701 743 Benedictus
1792 678 1971 741 Folio
2004 676 2104 757 4¹

842 791 909 861 (1
939 783 1438 865 2Adprimam.³
1526 782 1587 844 A
1599 781 1923 864 ntz‘phona.
2014 782 2215 844 Deus,

1246 933 1314 1002 (Ι
1357 926 1665 989 Psalmus
1694 926 1814 990 ‚62.

330 1041 611 1170 DEus
646 1041 832 1105 Deus
864 1061 1052 1104 meus
1083 1040 1170 1103 ad
1202 1047 1269 1103 te
1300 1040 1386 1102 de
1420 1037 1565 1102 luce
1596 1037 1803 1122 vigilo
1944 1058 2019 1102 os
2050 1038 2466 1121 loquentium
2497 1036 2744 1120 iniqua.

1160 1257 1166 1270 ’
1233 1271 1300 1340 ([
1345 1263 1688 1326 ⁴Psalmus
1715 1263 1837 1328 ‚66.

471 1378 610 1440 Eus
652 1376 1039 1440 misereatur
1071 1376 1297 1451 nostri,
1327 1384 1395 1439 et
1427 1374 1780 1438 benedicat
1811 1375 2004 1439 nobis
2152 1385 2220 1439 et
2252 1384 2556 1439 metuant
2585 1398 2740 1441 eum

496 1484 731 1528 omnes
763 1463 927 1528 fines
959 1473 1148 1528 terre.

1219 1598 1560 1660 ⁵Psalmus
1589 1615 1638 1662 ,Ι
1658 1612 1688 1678 5
1701 1601 1781 1677 S·⁶

312 1710 841 1844 Confitemini
895 1710 1192 1786 domino,
1223 1709 1540 1793 quoniam
1590 1710 1804 1773 bonus
1953 1710 2272 1792 quoniam
2323 1710 2388 1774 in
2437 1721 2739 1776 eternum

477 1797 926 1862 misericordia
957 1797 1114 1861 eius.

445 1885 840 1968 Antiphona.
933 1885 1120 1948 Deus
1154 1884 1340 1947 Deus
1375 1904 1561 1947 meus
1594 1884 1680 1947 ad
1715 1893 1782 1946 te
1815 1885 1899 1946 de
1932 1882 2077 1947 luce
2108 1884 2333 1967 vigilo,

445 1972 741 2035 Deinde.⁷
834 1972 886 2036 C
893 1971 1096 2035 red0.⁸

661 2116 728 2186 (Ι
773 2109 897 2172 Ad
920 2109 1225 2172 tertiam.⁰
1314 2106 1712 2191 Antiphona.
1810 2108 2061 2172 Inclina
2097 2111 2397 2173 aurem.¹⁰

1296 2220 1612 2283 Psalmus
1642 2234 1763 2300 .51.

310 2334 598 2505 QVid
631 2333 931 2417 gloriaris
963 2333 1028 2396 in
1065 2331 1320 2395 malitia
1470 2331 1536 2394 in
1569 2342 1934 2415 conspectu
1969 2343 2349 2398 sanctorum
2385 2344 2668 2399 tuorum.

1209 2563 1276 2634 (Ι
1322 2554 1690 2621 ”psalmus
1720 2607 1734 2623 .
1744 2572 1774 2639 5
1784 2574 1839 2639 7.

311 2672 449 2804 SI
488 2692 644 2736 vere
676 2673 908 2755 vtique
943 2669 1262 2734 iustitiam
1298 2671 1649 2753 loquimini
1799 2672 2100 2735 iudicans
2134 2693 2247 2735 eos
2281 2673 2346 2736 in
2380 2682 2570 2738 terra.

1212 2884 1279 2954 (1
1326 2876 1689 2940 ¹²Psalmus
1718 2880 1775 2941 ,8
1782 2893 1838 2957 7.

469 2990 716 3055 Omine
763 2991 928 3054 deus
969 2990 1203 3052 salutis
1253 3010 1418 3065 mee,
1449 2990 1515 3052 in
1561 2989 1670 3053 die
1714 2989 2021 3066 clamaui,
2052 2999 2120 3054 et
2163 3002 2358 3056 nocte
2405 3013 2625 3056 coram
2677 3002 2745 3056 te

614 3087 809 3140 notos
843 3097 1028 3140 meos
1060 3098 1100 3139 a
1134 3078 1413 3140 miseria.

447 3165 844 3246 Antiphona.
942 3164 1197 3228 Inclina
1227 3185 1454 3227 aurern
1490 3172 1674 3226 tuam
1708 3164 1794 3226 ad
1829 3185 2090 3247 precem
2127 3167 2418 3229 meam.¹³

415 3315 432 3347 ¹
468 3316 580 3377 [See
638 3353 651 3365 .
679 3317 754 3377 4.]
820 3317 1118 3380 Antiphona
1145 3317 1321 3365 Oratio
1347 3316 1757 3366 Commemoratio
1778 3331 1796 3364 .·
1828 3317 1939 3364 adri.
1969 3316 2050 3380 63.

412 3382 435 3411 '²
471 3383 551 3430 De
584 3333 754 3430 tfiuina
787 3383 1128 3432 consolatione
1168 3381 1387 3431 ecclesiae
1424 3381 1475 3430 in
1498 3380 1729 3430 ariditate
1764 3380 1910 3431 huius
1945 3381 2146 3431 saeculi:
2182 3383 2317 3431 velut
2354 3382 2406 3431 in
2443 3382 2640 3433 deserto
2665 3385 2744 3433 vel

304 3448 421 3498 veri
444 3446 746 3497 anachoritae
770 3447 820 3495 in
845 3448 956 3496 loco
978 3446 1199 3497 solitario
1221 3464 1234 3494 τ
1271 3447 1382 3494 add
1411 3446 1489 3495 61.
1520 3456 1613 3495 etc.

417 3510 441 3541 ⁸
478 3513 622 3562 Pater
656 3521 836 3562 noster.
902 3514 1012 3561 Aue
1045 3511 1217 3561 maria.
1291 3512 1431 3560 Deus
1453 3510 1504 3560 in
1526 3511 1844 3561 adiutorium.
1920 3512 2028 3560 Iam
2052 3511 2176 3562 lucis
2197 3521 2321 3562 orto.
2396 3524 2422 3576 5
2448 3530 2462 3563 ε
2497 3515 2607 3562 add.
2637 3514 2716 3576 63.

417 3577 438 3607 ⁴
473 3578 554 3627 De
599 3577 785 3628 Christi
832 3575 1191 3635 incarnatione,
1239 3592 1297 3625 ac
1353 3576 1459 3625 eius
1513 3576 1641 3625 inter
1698 3576 1929 3626 homines
1984 3577 2395 3627 conuersatione:
2466 3588 2514 3628 et
2571 3578 2743 3628 mundi

298 3643 706 3703 illuminatione,
730 3659 789 3692 ac
814 3653 1128 3707 peccatorum
1152 3650 1201 3691 et
1226 3641 1389 3691 laudis
1411 3642 1723 3691 confessione
1744 3660 1758 3691 z
1782 3649 1867 3704 pr.
1897 3640 1978 3690 61.
2008 3652 2101 3691 etc.

410 3708 434 3739 ⁸
473 3710 552 3758 De
594 3709 939 3758 exhortatione
974 3708 1040 3757 ad
1076 3707 1159 3757 dei
1196 3707 1414 3766 laudem,
1458 3716 1661 3771 propter
1695 3707 1893 3756 diuersa
1928 3706 2085 3771 ipsius
2129 3708 2381 3772 magnalia
2418 3720 2468 3757 et
2504 3710 2744 3759 beneficia

295 3773 950 3902 pluzibpgsmgsgrissgditer
972 3773 1189 3822 collata:
1217 3780 1301 3836 pr.
1331 3772 1412 3821 61.
1441 3780 1534 3821 etc.
1655 3835 1676 3867 7
1709 3837 1998 3899 Symbomm
2022 3853 2032 3863 .
2065 3839 2170 3886 add
2206 3851 2269 3900 43
2316 3838 2378 3901 63
2422 3838 2488 3887 66

409 3903 433 3935 ⁸
470 3904 692 3953 Domine
715 3902 907 3953 exaudi.
968 3904 1196 3953 Oremus.
1261 3902 1481 3951 Domine
1503 3901 1626 3951 deus
1650 3902 1985 3966 omnipotens.
2038 3902 2415 3953 Benedicamus.
2469 3903 2736 3954 Fidelium.

298 3969 566 4021 Pretiosa.
641 3971 827 4019 Sancta
850 3969 1021 4017 maria.
1097 3968 1221 4018 Dies
1243 3976 1292 4017 et
1315 3976 1488 4017 actus:
1525 3968 1635 4015 add.
1666 3967 1742 4028 63.

411 4034 437 4065 ⁹
477 4035 625 4083 Pater
649 4043 829 4084 noster.
883 4036 995 4082 Aue
1019 4033 1189 4082 maria.
1253 4033 1393 4083 Deus
1416 4033 1467 4080 in
1490 4032 1807 4081 adiutorium.
1860 4033 2010 4082 Nunc
2033 4042 2203 4082 sancte
2226 4033 2387 4083 nobis.
2418 4045 2446 4095 7
2470 4051 2483 4082 ε
2519 4036 2630 4083 add.
2659 4035 2738 4097 63.

411 4099 455 4130 ¹⁰
489 4116 585 4147 om.
680 4135 693 4146 .
723 4108 816 4148 etc.

410 4166 499 4215 De
532 4112 682 4229 culgi
712 4173 761 4213 et
794 4180 944 4239 poena
983 4163 1200 4213 hominis
1243 4162 1518 4228 peccatoris
1556 4171 1606 4212 et
1646 4162 1840 4227 iniqui:
1877 4171 1927 4211 et
1967 4172 2140 4212 contra
2179 4163 2244 4212 de
2279 4164 2457 4214 merito
2480 4174 2528 4214 et
2553 4165 2744 4230 premio

284 4229 602 4285 innocentis
624 4239 673 4278 et
698 4229 843 4278 iusti:
879 4230 989 4278 add
1020 4230 1099 4278 61.
1130 4238 1223 4279 etc.

409 4295 451 4327 ¹²
491 4296 574 4344 De
597 4294 777 4343 militia
800 4302 852 4344 et·
880 4293 1080 4345 miseria
1114 4293 1394 4358 iniquorum
1430 4292 1585 4343 iustos
1619 4293 2059 4357 persequentium:
2096 4304 2146 4343 et
2180 4294 2245 4344 de
2280 4294 2449 4344 laetitia
2484 4304 2533 4344 et
2567 4295 2745 4345 effectu

282 4366 557 4416 iustorum
585 4360 637 4409 in
661 4360 850 4410 vltione
874 4368 924 4409 et
948 4358 1207 4425 punitione
1233 4369 1547 4423 peccatorum
1572 4376 1584 4406 ι
1610 4366 1696 4422 pr.
1727 4360 1809 4408 61.
1835 4369 1929 4409 etc.

406 4424 454 4457 12
490 4426 574 4475 De
622 4424 811 4475 Christi
861 4434 910 4474 et
962 4441 1160 4475 suorum
1216 4423 1551 4473 membrorum
1602 4424 1854 4487 passione,
1902 4423 2316 4490 inimicorumque
2349 4434 2657 4490 contemptu,
2696 4434 2744 4474 et

276 4493 592 4605 amigorgpi
617 4490 969 4604 elonffloge:
1005 4506 1065 4539 ac
1087 4489 1282 4539 deuotae
1302 4488 1461 4539 diuini
1484 4488 1653 4553 auxilij
1681 4488 2030 4554 imploratione
2053 4507 2067 4538 ι
2093 4498 2180 4554 pr.
2209 4491 2288 4540 61.
2318 4500 2412 4541 etc.

565 4556 708 4605 atio:
837 4590 850 4603 .
912 4567 958 4618 3.
