3293 5225
367 480 490 529 IAN.
527 480 632 545 15.]
1072 479 1127 528 5.
1164 476 1515 527 BASILIUS
1545 491 1564 525 .·
1596 477 1652 526 S.
1692 476 2064 526 MARTJNA.
2680 487 2776 537 249

788 685 856 756 (I
898 679 1194 742 Basilius
1223 681 1540 763 epis-copus
1568 679 1922 761 confessor.l
2011 680 2221 743 Lectio
2254 680 2365 762 ‚iij

387 793 750 922 BAsilius
798 792 1174 875 Cappadox
1222 813 1482 875 genere,
1536 792 1817 857 Cesaree
1871 793 2155 877 primum
2214 792 2279 855 in
2327 813 2447 855 sua
2494 792 2778 874 regione,

542 880 783 942 deinde
866 880 1149 942 Athenis
1210 881 1505 943 eruditus
1582 882 1648 941 in
1726 901 1873 943 eam
1955 880 2483 963 magnitudinem
2560 880 2777 941 omnis

374 968 632 1051 generis
687 967 1136 1030 doctrinarum
1192 967 1448 1030 euasit:
1523 987 1675 1029 cum
1739 968 2005 1050 egregia
2064 967 2437 1043 sanctitate,
2492 976 2563 1029 vt
2624 966 2778 1029 inde

375 1055 600 1136 magni
655 1074 1028 1136 cognomen
1085 1055 1426 1117 inuenerit.
1536 1055 1867 1117 Reuersus
1919 1055 2118 1136 igitur
2170 1055 2235 1116 in
2292 1054 2574 1136 patriam
2626 1074 2774 1115 cum

377 1162 623 1223 magna
654 1143 950 1203 omnium
987 1142 1456 1224 expectatione
1494 1140 1847 1205 Cesaream
1894 1151 2205 1204 vocatur:
2254 1150 2329 1204 vt
2376 1161 2652 1215 morum,
2699 1161 2777 1202 ac

377 1229 643 1310 pietatis
719 1228 1072 1305 institutor,
1155 1228 1666 1309 moderatorque
1743 1237 1933 1300 esset,
2011 1227 2422 1310 presulisque
2501 1226 2774 1309 Eusebij

377 1315 677 1378 adiutor:
767 1316 869 1377 cui
948 1315 1252 1378 morienti
1315 1316 1380 1377 in
1442 1316 1830 1398 episcopatu
1892 1316 2226 1379 successit.
2352 1315 2426 1377 In
2489 1335 2625 1396 quo
2685 1314 2778 1377 sic

374 1402 676 1465 Valentis
757 1403 1183 1484 Imperatoris
1259 1403 1526 1465 Arriani
1602 1403 1726 1464 sibi
1804 1402 2021 1464 infesti
2096 1402 2404 1467 tractauit
2478 1403 2779 1464 animum

378 1491 746 1566 sanctitate,
778 1500 844 1552 et
876 1490 1433 1572 consequentibus
1467 1490 1691 1570 signiS,
1722 1497 1794 1551 vt
1825 1510 1975 1552 cum
2024 1510 2094 1552 se
2139 1489 2337 1552 vellet
2385 1489 2447 1550 in
2497 1488 2774 1551 exilium

379 1577 655 1648 mittere,
689 1577 1089 1639 sententiam
1128 1586 1383 1638 mutare
1417 1578 1724 1659 coegerit.
1803 1576 1984 1641 Sella
2016 1578 2214 1652 enim,
2245 1597 2378 1658 qua
2413 1576 2778 1658 gestandus

376 1672 515 1726 erat
549 1663 813 1740 ValenS,
844 1664 1065 1726 subito
1097 1663 1435 1726 confracta
1468 1673 1535 1727 et
1565 1663 1888 1727 dissoluta
1919 1673 2036 1727 est.
2127 1663 2435 1744 Cumque
2480 1662 2564 1725 de
2597 1683 2780 1725 more

375 1751 557 1831 exilij
597 1749 902 1814 multam²
933 1752 1292 1833 scripturus
1325 1760 1515 1827 esset,
1548 1750 1859 1833 perficere
1893 1771 2024 1813 non
2057 1750 2281 1827 valuit,
2310 1751 2570 1813 calamo
2619 1749 2777 1811 nihil

377 1839 760 1900 attramenti
794 1837 1155 1902 reddente.³
1246 1837 1550 1918 Cumque
1581 1839 1930 1914 secunduS,
1961 1849 2027 1901 et
2061 1839 2292 1901 tertius
2326 1839 2620 1900 calamus
2652 1837 2781 1899 hoc

377 1925 769 2006 pertulisset,
800 1935 866 1987 et
884 1925 1100 1988 adhuc
1127 1925 1342 2007 legem
1368 1925 1642 2007 impiam
1671 1925 1930 1989 firmare
1961 1925 2409 2001 contenderet,
2440 1934 2779 1988 commota

377 2022 478 2074 est
509 2013 648 2074 eius
681 2012 977 2088 dextera,
1008 2032 1289 2093 eamque
1308 2012 1529 2074 subito
1555 2023 1801 2076 tremor
1823 2013 2082 2076 inuasit.
2172 2014 2365 2076 Tunc
2390 2013 2530 2075 eius
2555 2012 2783 2074 animo

378 2109 623 2161 terrore
655 2099 931 2180 impleto
961 2099 1286 2161 ambabus
1334 2099 1640 2162 manibus
1688 2101 1983 2163 chartam
2034 2100 2225 2181 rupit.
2317 2100 2407 2163 Et
2460 2120 2589 2181 que
2638 2119 2777 2161 nox

378 2186 535 2248 data
566 2196 668 2248 est
704 2186 947 2248 Basilio
977 2185 1063 2248 ad
1100 2186 1621 2263 deliberandum,
1653 2190 1887 2250 eadem
1933 2208 2104 2249 vxor
2135 2187 2569 2270 imperatoriS,
2601 2186 2781 2249 velut

379 2274 735 2337 tortoribus
788 2273 1031 2336 tradita
1090 2274 1433 2337 cruciatur.
1547 2274 1753 2337 Filius
1805 2295 1979 2349 ver0,
2032 2274 2145 2355 qui
2197 2275 2289 2336 eis
2349 2285 2490 2336 erat
2551 2274 2783 2335 vnicus

381 2360 738 2435 extinctuS,
769 2369 1041 2442 paterne
1074 2361 1435 2440 impietatis
1481 2363 1770 2424 creditur
1814 2361 2150 2423 exoluisse
2182 2361 2522 2442 supplicia.
2616 2361 2782 2423 Erat

380 2457 600 2509 autem
637 2447 918 2510 Basilius
958 2447 1022 2508 in
1075 2448 1270 2523 victu,
1318 2457 1386 2509 et
1432 2448 1610 2511 cultu
1669 2448 2292 2524 abstinentissimuS,
2338 2468 2469 2510 vna
2518 2457 2778 2509 tantum

380 2535 602 2597 tunica
679 2555 750 2596 se
824 2535 1194 2610 amiciebat,
1268 2535 1450 2598 humi
1526 2535 1911 2597 cubitabat:
1988 2535 2143 2596 totis
2217 2534 2403 2617 sepe*
2475 2534 2784 2596 noctibus

381 2622 716 2703 vigilabat,
747 2624 962 2684 omnis
993 2643 1237 2705 expers
1269 2622 1559 2686 libidinis
1597 2632 1740 2686 tota
1786 2624 1921 2685 vita
1970 2624 2431 2705 perseuerauit.
2524 2622 2782 2684 Primus

382 2710 679 2771 omnium
772 2709 1049 2772 cenobia
1122 2711 1552 2792 excogitauit,
1627 2720 1695 2772 et
1770 2710 1965 2773 ritum
2043 2710 2225 2772 illum
2302 2708 2780 2773 monachorum

382 2795 756 2877 antiquum⁵
816 2805 1017 2877 atque
1077 2795 1454 2879 agrestem,⁶
1503 2798 1586 2860 ad
1640 2797 1994 2859 formulam
2051 2797 2349 2878 religioni
2405 2796 2778 2878 propiorem

384 2884 666 2947 reduxit.
781 2882 1058 2966 Scripsit
1112 2884 1322 2946 multa
1372 2885 1801 2957 sanctissime,
1856 2894 1922 2946 et
1981 2884 2521 2965 eloquentissime
2583 2903 2787 2945 nemo

384 2971 560 3032 enim
617 2990 802 3032 sacra
859 2971 1197 3033 volumina
1257 2972 1356 3046 (vt
1407 2981 1688 3033 testatur
1742 2971 2100 3054 Gregorius
2160 2971 2637 3044 NazianzenuS,
2669 2970 2783 3049 qui

383 3058 587 3119 vitam
621 3059 760 3120 eius
792 3059 1211 3139 conscripsit)
1247 3078 1367 3120 nec
1399 3056 1817 3139 eloquentius
1848 3079 1947 3134 e0,
1971 3078 2091 3120 nec
2122 3058 2336 3120 verius
2368 3077 2487 3120 nec
2518 3055 2781 3119 vberius

383 3145 729 3207 enarrauit.
821 3143 1011 3226 Obijt
1044 3156 1269 3208 autern
1290 3165 1561 3228 corpore
1583 3146 1712 3207 iam
1735 3166 1853 3228 per
1871 3146 2343 3207 abstinentiam
2367 3152 2789 3226 consumpto,

383 3251 534 3294 cum
625 3231 886 3295 ossibus
974 3253 1051 3295 ac
1142 3232 1314 3314 pelle
1408 3242 1669 3294 tantum
1761 3242 2096 3313 superstes
2187 3241 2360 3295 esset
2454 3230 2790 3295 Calendis,

387 3318 695 3399 Ianuarij.

867 3460 935 3531 (I
979 3454 1069 3517 M
1065 3455 1291 3516 artz'na
1321 3455 1506 3536 virgo
1539 3452 1833 3537 martyr.⁷
1921 3455 2133 3518 Lectio
2165 3454 2302 3537 ,2'3'723

402 3566 809 3696 MArtina
840 3568 1027 3648 virgo
1061 3567 1370 3630 Romana
1401 3587 1487 3630 ex
1523 3567 1726 3629 nobili
1760 3576 1827 3630 et
1857 3568 2126 3649 patritia
2158 3567 2409 3631 familia
2433 3567 2791 3655 christiane

614 3655 877 3736 pietatis
928 3657 1195 3736 egregia
1244 3653 1506 3727 cultrix,
1555 3664 1621 3717 et
1675 3655 1764 3717 ab
1817 3656 2086 3718 ineunte
2137 3664 2317 3719 etate
2347 3656 2547 3717 sacris
2581 3655 2789 3717 literis

389 3742 633 3815 dedita,
665 3751 732 3802 et
762 3741 1037 3817 erudita,
1068 3745 1228 3804 dum
1262 3742 1561 3823 sequitur
1592 3742 2046 3824 euangelicam
2095 3742 2487 3816 doctrinam,
2518 3761 2789 3804 suarum

389 3826 779 3890 facultatum
837 3848 1148 3909 magnam
1202 3839 1456 3911 partem
1514 3831 1913 3911 pauperibus
1964 3829 2312 3892 distribuit.
2421 3827 2643 3911 Quam
2699 3828 2788 3891 ob

391 3935 527 3978 rem
563 3913 737 3978 sacta
770 3935 879 3977 rea
910 3918 1089 3996 quod
1126 3915 1356 3978 relicto
1387 3917 1665 3979 deorum
1714 3917 1893 3978 cultu
1927 3918 2199 3978 seruiret
2248 3935 2421 3978 noue
2470 3916 2796 3997 religioni,

390 4002 477 4064 ab
510 4002 906 4064 Alexandro
939 4003 1336 4083 imperatore
1363 4002 1667 4084 Apollini
1701 4002 2067 4065 sacrificare
2100 4002 2376 4077 iubetur,
2401 4003 2523 4064 nisi
2559 4001 2788 4064 mallet

388 4090 709 4171 supplicia
742 4100 1158 4170 mortemque
1189 4090 1425 4152 subire.
1515 4089 1684 4153 Cum
1720 4091 2002 4171 igiturin
2027 4088 2156 4153 fide
2182 4089 2425 4153 Christi
2450 4097 2798 4171 prestaret,

387 4177 670 4258 equuleo
723 4196 1044 4257 suspensa
1097 4176 1321 4239 ferreis
1380 4177 1643 4259 vngulis
1703 4186 2032 4252 exaratur,
2092 4185 2159 4239 et
2219 4176 2307 4238 sic
2371 4177 2661 4239 cruciata
2722 4176 2789 4237 in

388 4283 714 4325 carcerem
749 4262 1110 4343 conijcitur,
1141 4264 1194 4324 si
1229 4262 1395 4325 forte
1443 4266 1842 4326 sententiam
1892 4274 2195 4327 mutaret.
2287 4262 2423 4327 Sed
2471 4262 2793 4344 postridie

484 4400 500 4431 ¹
536 4403 617 4452 die
648 4416 719 4463 14.
751 4405 809 4450 in
834 4419 898 4451 m.
1452 4400 1474 4431 ²
1506 4403 1699 4452 multa:
1738 4403 1814 4466 38.
1848 4415 1923 4466 39.
1953 4415 2032 4466 43.
2062 4403 2139 4452 61.
2170 4402 2247 4464 64.
2278 4402 2357 4451 66.
2431 4403 2648 4452 mulcta:
2684 4401 2766 4451 60.

482 4466 503 4496 ³
536 4468 796 4517 reddenti:
833 4481 910 4531 39.
1462 4466 1483 4497 ⁴
1513 4484 1605 4517 om.
1636 4468 1714 4530 38.
2176 4467 2198 4497 ⁵
2229 4468 2522 4532 antiquam:
2560 4478 2637 4529 39.

480 4532 502 4563 ⁶
534 4544 775 4597 egrestem
801 4551 813 4581 :
851 4546 929 4596 39.
1469 4531 1489 4564 ⁷
1522 4550 1613 4583 om.
1643 4545 1723 4596 43.
2172 4530 2193 4563 ⁸
2226 4534 2307 4583 die
2336 4544 2409 4596 15.
2440 4534 2498 4581 in
2522 4550 2586 4582 m.
