3293 5225
645 402 747 465 360
1363 407 1416 453 S.
1456 403 1895 455 AMBROSIUS
1923 402 2344 455 EPISCOPUS.
2829 402 2982 463 [ch.
3006 412 3045 462 7.

650 565 823 620 tates
869 558 1269 641 pauperibus
1328 557 1680 621 distribuit.
1772 556 1979 621 Cuius
2025 557 2186 621 illud
2248 567 2595 640 persancte
2653 566 2720 620 et
2783 556 3049 637 benigne

650 643 899 708 factum
933 645 1001 707 in
1035 645 1264 727 primis
1294 654 1716 709 memoratur.
1806 643 2006 727 Quod
2039 664 2191 708 cum
2238 644 2512 727 quidam
2573 645 2713 708 eius
2766 644 2929 706 ciuis
2974 663 3048 705 ex

649 730 859 794 diuite
891 733 1348 814 pauperrimus
1378 730 1610 807 sactuS,
1639 741 1773 795 tres
1805 730 1973 794 filias
2004 732 2135 795 iam
2167 732 2309 794 viro
2340 741 2633 794 maturas
2664 751 2799 794 non
2841 729 3049 792 valens

652 838 768 900 pre
800 819 1024 901 inopia
1056 819 1480 882 matrimonio
1509 817 1851 891 collocare,
1902 819 2239 882 statuisset
2292 819 2701 901 prostituere,
2752 817 2817 880 N
2824 817 3051 880 icolaus

650 926 721 968 re
744 907 1033 989 cognita,
1054 905 1344 988 quadarn
1379 914 1574 969 nocte
1606 925 1724 987 per
1754 904 2110 969 fenestram
2143 915 2404 969 tantum
2438 907 2870 988 pecuniarum
2895 904 3048 966 clam

650 994 925 1074 proiecit
986 994 1051 1055 in
1113 992 1388 1056 domum
1451 992 1641 1067 illius,
1698 1001 2025 1073 quantum
2080 992 2222 1056 doti
2251 993 2445 1055 vnius
2477 992 2760 1055 filiarum
2804 989 3051 1054 abunde

647 1078 993 1143 sufficeret.
1085 1079 1287 1162 Quod
1318 1100 1468 1142 cum
1504 1081 1760 1154 iterum,
1789 1090 1857 1142 et
1888 1080 2082 1143 tertio
2113 1079 2389 1155 fecisset,
2422 1088 2553 1143 tres
2604 1079 3052 1142 honestissime

649 1167 938 1248 virgines
970 1166 1238 1230 dotibus
1268 1167 1558 1249 acceptis
1589 1167 1884 1230 honestis
1913 1167 2068 1229 viris
2091 1167 2157 1229 in
2182 1167 2676 1229 matrimonium
2703 1167 2867 1230 date
2902 1174 3053 1227 sunt.

655 1253 783 1315 His
812 1264 880 1316 et
911 1251 1153 1316 talibus
1181 1254 1499 1316 virtutum
1531 1253 1784 1334 officijS,
1829 1274 1980 1316 cum
2038 1273 2283 1336 magna
2335 1273 2455 1316 sua
2503 1255 2881 1317 sanctitatis
2925 1271 3051 1335 pre-

648 1340 897 1403 buisset
944 1340 1365 1418 documenta,
1415 1340 1680 1420 Myram
1735 1340 2058 1440 oppidum
2110 1341 2407 1404 eiusdem
2460 1342 2803 1423 prouincie
2856 1361 2897 1402 a
2940 1339 3053 1401 deo

648 1425 955 1491 videlicet
991 1427 1374 1490 admonitus
1397 1428 1758 1504 contendit,
1787 1448 1871 1490 eo
1902 1428 2318 1510 potissimum
2374 1436 2691 1511 tempore,
2738 1448 2879 1510 quo
2928 1427 3050 1489 eius

648 1515 1001 1597 episcopus
1029 1514 1300 1578 obierat.
1390 1513 1524 1577 Vbi
1573 1534 1726 1578 cum
1783 1514 2221 1596 prouinciales
2270 1516 2565 1597 episcopi
2619 1514 2703 1578 de
2756 1511 3051 1598 eligendo

648 1602 965 1684 episcopo
996 1600 1466 1677 consultarent,
1495 1601 1816 1665 diuinitus
1846 1600 2171 1664 admoniti
2208 1611 2362 1664 sunt
2404 1611 2478 1664 vt
2517 1622 2670 1665 eum
2727 1600 3049 1683 eligerent,

650 1689 763 1769 qui
797 1687 1112 1770 postridie
1133 1708 1328 1751 mane
1353 1688 1671 1752 Nicolaus
1702 1686 2015 1750 nominisl
2041 1689 2292 1770 primus
2292 1689 2660 1752 ecclesiam
2688 1687 3049 1772 ingredere-

650 1783 770 1840 tur.
820 1774 1021 1856 Quod
1052 1795 1204 1836 cum
1225 1776 1571 1838 accidisset
1595 1776 1657 1836 N
1665 1775 1893 1850 icola0,
1915 1775 2432 1857 comprehensus
2450 1775 2537 1839 ab
2556 1773 3050 1838 obseruantibus
3186 1787 3192 1818 ³

652 1881 899 1943 magno
928 1871 1315 1925 cunctorum
1349 1882 1694 1933 consensu,
1727 1863 2079 1944 episcopus
2109 1872 2382 1926 creatur.
2429 1862 2630 1945 Quod
2656 1881 2903 1925 munus
2926 1871 3047 1922 tam

652 1948 968 2030 religiose,
997 1958 1136 2011 tam
1198 1958 1443 2024 sancte,
1483 1949 1970 2031 prudenterque
2015 1951 2237 2031 gessit,
2279 1958 2351 2011 vt
2395 1950 2614 2013 omnis
2666 1950 2947 2021 virtutis,
2985 1964 3051 2007 ac

652 2036 916 2117 pietatis
974 2035 1410 2099 clarissimum
1474 2036 1669 2099 fuerit
1719 2037 2128 2118 exemplum,
2182 2037 2692 2118 maximumque
2742 2037 2843 2098 sui
2895 2032 3047 2098 desi·

649 2123 903 2186 derium
958 2124 1259 2186 vniuerse
1316 2123 1523 2204 Lycie
1561 2123 1849 2185 moriens
1878 2132 2056 2186 etate
2087 2124 2275 2186 senili
2308 2122 2457 2204 .viij.
2491 2123 2638 2187 idus
2671 2118 3050 2187 Decembris

652 2209 983 2290 reliquerit
1009 2233 1024 2272 :
1056 2210 1164 2273 vbi
1193 2210 1418 2273 multis
1440 2211 1642 2273 etiam
1672 2209 2004 2272 miraculis
2036 2208 2345 2274 claruisse
2378 2221 2804 2274 memoratur.

999 2353 1064 2422 (I
1099 2346 1157 2408 A
1170 2347 1487 2410 mbrosius
1515 2346 1832 2428 episcopus
1849 2348 2178 2426 confessor,
2203 2346 2439 2428 duplex
2454 2345 2717 2410 minus?

1739 2457 1987 2522 Oratio,

665 2570 961 2701 DEuS,
1020 2571 1131 2652 qui
1195 2571 1444 2653 populo
1504 2580 1621 2633 tuo
1690 2579 1914 2634 eterne
1989 2570 2219 2633 salutis
2284 2570 2552 2634 beatum
2628 2569 3043 2635 Ambrosium

831 2658 1201 2721 ministrum
1235 2657 1537 2734 tribuisti,
1569 2667 1788 2741 presta
1818 2678 2215 2739 quesumus:
2248 2667 2319 2720 vt
2337 2679 2536 2740 quem
2563 2659 2905 2722 doctorem
2929 2655 3046 2716 vite

647 2745 1002 2808 habuimus
1034 2746 1099 2807 in
1133 2747 1319 2808 terris
1348 2768 1361 2807 :
1397 2746 1893 2808 intercessorem
1926 2745 2170 2809 habere
2214 2766 2582 2809 mereamur
2606 2747 2671 2808 in
2703 2746 2904 2809 celis:
2932 2759 3045 2825 per.

1561 2888 1628 2958 (Ι
1674 2880 1888 2944 Lectio
1919 2882 2130 2945 tertia.

659 2994 1136 3123 AMbrosius
1171 2993 1691 3057 Mediolanensis
1720 2994 1998 3057 antistes
2025 2978 2384 3057 Ambrosio
2409 3004 2595 3077 patre
2618 2994 2765 3057 ciue
2787 3006 3042 3057 romano

829 3079 1144 3145 Galliam3
1174 3080 1681 3144 administrante
1713 3089 1909 3143 natus
1940 3090 2056 3144 est.
2148 3080 2352 3145 Cuius
2393 3082 2458 3143 in
2513 3102 2626 3144 ore
2672 3075 3044 3144 dormientis

654 3169 719 3231 in
753 3170 940 3230 cunis
970 3188 1257 3230 examen
1290 3187 1493 3250 apum
1546 3168 1977 3250 prestantiam
2029 3169 2147 3231 viri
2202 3169 2606 3250 portendens
2658 3161 3042 3231 consedisse⁴

656 3266 1074 3318 memoratur.
1168 3255 1302 3319 Sed
1334 3255 1548 3317 Rome
1572 3254 1953 3317 liberalibus
1976 3255 2342 3337 disciplinis
2360 3256 2674 3331 erudituS,
2693 3256 2784 3319 ob
2812 3246 3038 3335 ingenij

649 3343 795 3405 eius
826 3362 1124 3414 acumen,
1158 3351 1223 3404 et
1256 3342 1610 3418 solertiam,
1641 3363 1683 3404 a
1732 3343 1949 3405 Probo
1996 3342 2305 3424 prefect0,
2334 3351 2407 3404 vt
2449 3341 2792 3424 Liguriam
2826 3339 3040 3443 guber·

657 3438 842 3492 naret
876 3430 1131 3504 missu5‚
1166 3428 1622 3491 Mediolanum
1656 3431 1854 3492 venit.
1902 3429 2035 3493 Vbi
2070 3439 2333 3492 mortuo
2366 3429 2715 3492 Auxentio
2744 3432 3039 3513 episcopo

659 3515 964 3590 Arrian0‚
1013 3536 1164 3579 cum
1210 3515 1495 3598 populus
1550 3516 1614 3578 in
1672 3515 1996 3579 electione
2052 3514 2329 3599 presulis
2381 3516 2746 3591 dissideret,
2799 3526 2867 3580 et
2918 3515 3038 3594 ipse

653 3566 998 3666 seditionis
1030 3602 1322 3666 sedande
1354 3602 1576 3665 studio
1605 3603 1692 3666 ad
1724 3602 2071 3666 ecclesiam
2128 3605 2543 3686 perrexisset,
2582 3604 2805 3667 subita
2857 3600 3039 3665 totius

658 3691 885 3773 populi
918 3710 1081 3753 voce
1137 3689 1570 3752 Ambrosium
1625 3691 2010 3772 episcopum
2067 3690 2518 3766 acclamantiS,
2572 3688 2935 3754 incredibili
2983 3691 3039 3745 et

656 3778 1129 3840 catholicorum
1165 3785 1231 3839 et
1264 3776 1698 3839 Atrianorum
1732 3797 2056 3840 consensu
2112 3777 2418 3860 pontifex
2467 3777 2747 3860 eligitur.
2857 3767 3036 3859 Quod

657 3885 826 3927 onus
868 3865 988 3927 etsi
1037 3864 1148 3927 diu
1183 3863 1399 3926 subire
1433 3864 1849 3938 recusauerit,
1881 3873 2105 3927 tamen
2141 3864 2620 3928 Valentiniano
2661 3866 3037 3948 imperatore

635 3949 1047 4014 'electionem
1113 3951 1391 4014 libenter
1449 3950 1883 4033 approbante,
1944 3972 2077 4014 non
2140 3954 2355 4034 potuit
2418 3952 2645 4035 populi
2708 3950 2902 4015 simul
2969 3962 3034 4006 ac

659 4039 1074 4121 imperatoris
1133 4037 1461 4101 desiderio
1520 4047 1587 4100 et
1646 4038 1977 4102 voluntati
2040 4041 2354 4103 resistere.
2477 4038 2808 4121 Suscepto
2861 4035 3034 4120 igitur

656 4126 1063 4208 episcopatu,
1095 4145 1175 4187 ea
1206 4126 1339 4188 vite
1362 4125 1805 4187 sanctimonia
1828 4146 1905 4187 ac
1932 4146 2192 4188 morum
2219 4127 2617 4209 integritate,
2640 4126 3035 4189 auctoritate-

658 4232 788 4292 que
838 4233 1079 4275 munus
1108 4213 1337 4286 obiuit,
1368 4223 1437 4274 vt
1471 4211 1894 4274 Theodosius
1926 4213 2302 4313 imperator,
2321 4233 2455 4295 quo
2488 4213 2756 4276 iubente
2788 4216 3033 4325 propter

657 4300 1083 4381 magistratus
1129 4300 1380 4362 occisos
1426 4298 1903 4362 Thessalonica
1945 4300 2180 4363 ciuitas
2231 4300 2442 4363 fuerat
2473 4300 2820 4364 occidione
2867 4287 3032 4367 cesa,⁵

751 4426 765 4455 ¹
804 4427 1041 4477 nomine:
1078 4440 1155 4490 39.
1184 4435 1278 4477 etc.
1578 4424 1601 4457 ²
1632 4426 1717 4477 die
1741 4438 1785 4488 7.
1816 4444 1875 4476 m
1898 4444 1963 4476 m.
2405 4427 2427 4458 ³
2461 4428 2742 4479 Galileam:
2779 4439 2857 4491 39.

749 4491 771 4521 ⁴
802 4491 1118 4543 concedisse:
1154 4505 1234 4557 43.
1584 4491 1605 4520 ⁵
1636 4508 1811 4543 cessa:
1848 4505 1925 4557 39.

2740 4926 3191 5178 .AE
