3293 5225
931 448 1456 497 RSALTERIVM:
1518 447 1610 496 ΙΝ
1658 447 1895 495 FERJA
1965 446 2262 495 TERTIA.
2739 458 2795 509 13

1309 651 1650 714 ¹l'salmus
1679 669 1727 715 ‚1
1750 650 1866 729 14.Ξ

384 764 775 914 DQmine
805 764 955 845 quis
985 763 1315 826 habitabit
1348 764 1412 825 in
1447 763 1877 826 tabernaculo
1923 768 2089 825 tuo?
2240 782 2372 824 non
2424 762 2798 824 mouebitur

554 871 619 914 in
653 872 691 914 e
722 871 970 914 ernum.

1282 1027 1347 1096 (l
1380 1018 1722 1083 ³Psalmus
1749 1069 1762 1081 .
1779 1020 1911 1096 124.

380 1136 615 1306 QVi
645 1133 991 1199 confidunt
1024 1135 1088 1196 in
1121 1134 1415 1210 domin0,
1437 1133 1604 1195 sicut
1637 1152 1830 1194 mons
1864 1130 2027 1195 Sion
2164 1151 2300 1212 pax
2327 1149 2523 1212 super
2553 1130 2800 1193 Israel.⁴

510 1310 781 1372 Deinde.
877 1309 937 1371 N
945 1329 1072 1371 unc
1104 1308 1401 1371 dimittis,
1472 1308 1569 1387 fh.
1601 1308 1688 1385 9?

971 1494 1036 1563 (l
1073 1487 1270 1549 Ferz'a
1302 1487 1512 1566 tertia:
1602 1487 1663 1548 A
1675 1486 1727 1547 d
1753 1485 2082 1547 matutina
2090 1487 2196 1545 m.‘¹

1335 1614 1653 1678 Psalmus
1697 1615 1841 1693 ‚395

396 1729 659 1860 NOli
692 1729 964 1791 emulari
1000 1731 1064 1791 in
1101 1727 1623 1812 malignantibus
1771 1726 1926 1806 quia
1959 1734 2393 1807 sperauerunt
2426 1724 2489 1786 in
2525 1744 2624 1788 eo·

1283 1971 1348 2040 (l
1381 1964 1722 2027 ⁸Psalmus
1751 1981 1809 2040 ..4
1817 1978 1870 2041 3.

539 2079 678 2143 Eus
724 2079 991 2142 auribus
1060 2079 1299 2141 nostris
1367 2077 1746 2139 audiuimus
1894 2083 1960 2136 et
2026 2073 2276 2135 redime
2344 2095 2465 2135 nos
2535 2083 2804 2155 propter

566 2186 808 2228 nomen
858 2178 1064 2228 tuum.

1273 2338 1335 2406 (Ι
1371 2333 1713 2397 ”Psalmus
1743 2337 1900 2398 .108.

540 2445 678 2508 Eus
749 2444 1012 2507 laudem
1087 2464 1304 2505 meam
1373 2465 1457 2506 ne
1533 2448 1925 2512 tacueris...
1965 2457 2033 2508 vt
2109 2447 2364 2510 saluam
2446 2447 2686 2509 faceret
2766 2469 2804 2509 a

566 2531 1113 2615 persequentibus
1158 2531 1450 2594 animam
1500 2535 1790 2596 meam.¹⁰

1038 2709 1103 2778 (l
1138 2704 1312 2766 ”Ad
1332 2704 1575 2767 laudes.
1637 2664 2002 2769 ¹²Psaitttus
2029 2723 2150 2784 ‚94

392 2816 733 2945 VEnite
763 2815 1144 2878 exultemus
1176 2816 1450 2878 domino
1582 2816 1652 2880 Si
1688 2818 2051 2881 introibunt
2083 2817 2208 2900 [in]
2243 2819 2531 2899 requiem
2569 2839 2806 2883 meam.

487 3137 502 3166 ¹
548 3139 770 3186 psalmus
814 3137 876 3185 de
922 3136 1100 3185 militia
1138 3136 1287 3200 digne
1326 3137 1656 3185 habitantium
1697 3137 1746 3184 in
1789 3136 2018 3200 praesenti
2065 3138 2312 3186 ecclesia:
2368 3149 2416 3186 et
2463 3138 2526 3186 de
2573 3139 2808 3187 virtutum

387 3203 644 3266 exercitijs
666 3201 1094 3251 introducentibus
1120 3211 1229 3266 post
1254 3201 1482 3250 militiam
1506 3202 1570 3251 ad
1593 3203 1818 3250 coelestia
1842 3220 1854 3249 :
1880 3211 1964 3264 pr.
1995 3202 2073 3250 6¹.
2103 3214 2195 3251 ete.

487 3266 511 3297 ²²
552 3268 692 3316 Thus
711 3269 814 3315 also
836 3266 900 3330 38
922 3285 934 3316 :
972 3267 1073 3316 xiiii
1096 3286 1108 3316 :
1146 3280 1222 3329 39.
1247 3276 1340 3316 etc.

487 3333 512 3362 ³
547 3334 771 3382 Psalmus
788 3333 852 3382 de
878 3333 1020 3381 firma
1041 3348 1130 3396 spe
1153 3343 1200 3381 et
1224 3332 1525 3382 confidentia
1548 3332 1598 3381 in
1641 3333 1864 3381 Domino
1904 3333 2046 3381 solo:
2087 3349 2187 3381 non
2223 3332 2273 3380 in
2307 3332 2477 3398 aliquo
2511 3343 2707 3382 terreno
2731 3335 2811 3382 vel

388 3399 538 3448 buius
560 3399 711 3448 seculi
737 3399 869 3447 bono
889 3413 1086 3462 semper
1108 3396 1369 3447 habenda:
1394 3405 1479 3460 pr.
1509 3397 1587 3446 61.
1618 3408 1711 3447 etc.

490 3463 510 3492 ⁴
543 3480 629 3512 an.
648 3479 667 3511 .·
699 3465 810 3512 add.
906 3499 918 3511 .

491 3527 514 3557 ³
546 3528 657 3589 [See
692 3545 740 3593 p.
769 3476 903 3590 9.]39
933 3527 1085 3578 Salua
1131 3542 1235 3576 nos,
1311 3528 1527 3577 Domine
1566 3527 1744 3577 exaudi
1792 3527 2005 3577 Oremus
2051 3528 2212 3578 Visita
2256 3544 2549 3591 quaesumus.
2579 3529 2800 3578 domine.

393 3593 779 3644 Benedicamus.
855 3593 1115 3642 Fidelium.
1187 3593 1336 3642 Salue
1360 3610 1382 3641 r
1447 3593 1529 3642 ‘na
1552 3603 1711 3643 mater
1732 3593 2080 3642 misericordiae
2104 3593 2205 3642 vita
2227 3594 2442 3643 dulcedo
2468 3612 2479 3643 :
2515 3596 2626 3644 add.
2656 3594 2737 3656 63.

489 3656 514 3688 ⁶
548 3660 696 3708 Pater
738 3667 920 3707 noster.
993 3661 1104 3707 Aue
1151 3657 1326 3707 Maria.
1384 3608 1669 3708 egbnfiteor.
1735 3658 2043 3707 Misereatur.
2111 3659 2492 3722 Indulgentiam.
2590 3659 2809 3708 Domine

392 3725 544 3775 labia.
621 3724 758 3772 Deus
801 3723 853 3772 in
902 3723 1215 3772 adiutorium.
1312 3724 1698 3773 [imitatorium.
1793 3724 1973 3773 Venite
2031 3724 2318 3773 exultemus.
2415 3726 2802 3773 Inut'tatorium.

394 3792 653 3854 Hymnus.
728 3790 1056 3852 Antiphona:
1088 3790 1200 3837 add.
1229 3788 1307 3850 63.

497 3855 725 3904 Psalmus
767 3854 831 3903 de
876 3870 1068 3903 morum
1116 3854 1439 3911 correctione,
1489 3864 1537 3903 et
1593 3853 1898 3903 infirmorum
1956 3855 2331 3904 consolatione:
2387 3871 2446 3903 ac
2502 3854 2566 3903 de
2622 3855 2808 3918 dispari

397 3923 643 4016 bon-prum
667 3929 717 3969 et
741 3921 982 4033 malorugm
1006 3928 1137 3968 statu
1161 3926 1211 3969 et
1234 3919 1517 3968 conditione
1541 3919 1592 3968 in
1616 3921 1844 3983 praesenti
1871 3930 1919 3969 et
1944 3920 2107 3968 futuro
2127 3937 2138 3968 :
2176 3921 2285 3969 add.
2315 3921 2396 3968 61.
2425 3929 2519 3969 etc.

562 3986 713 4034 Thus.
797 3986 864 4034 6:
968 4021 979 4032 .
1009 3994 1102 4033 etc.

498 4051 520 4080 ⁸
556 3999 795 4100 Psttlmusi3
803 4051 868 4100 de
901 3998 1229 4163 prosperitate
1270 4050 1530 4114 temporali
1569 4050 1771 4099 fratrum
1810 4051 1988 4100 veteris
2026 4049 2341 4099 testamenti:
2379 4061 2429 4100 et
2468 4052 2532 4099 de
2570 4050 2813 4114 grauitate

401 4115 692 4209 temporalis
713 4115 995 4165 afflictionis
1051 4114 1236 4164 delium
1262 4116 1545 4164 testamenti
1570 4115 1689 4165 noui
1713 4134 1724 4164 :
1751 4124 1836 4178 pr.
1867 4115 1944 4164 61.
1975 4125 2068 4164 etc.

556 4183 636 4230 De
681 4181 911 4245 passione
955 4190 1005 4230 et
1050 4180 1328 4230 humilitate
1373 4180 1593 4230 Christi:
1641 4196 1701 4229 ac
1747 4181 1809 4230 de
1854 4180 2044 4230 malitia
2089 4191 2137 4230 et
2185 4197 2334 4244 poena
2376 4180 2635 4245 multiplici
2676 4180 2813 4228 Iudae

405 4247 674 4305 traditoris,
699 4260 748 4295 et
772 4246 954 4310 ingrati
978 4245 1149 4310 populi
1176 4245 1363 4295 Iudaici
1387 4265 1399 4295 :
1427 4254 1510 4309 pr.
1540 4245 1619 4295 61.
1649 4255 1743 4295 etc.

503 4309 542 4340 ¹⁰
576 4312 907 4374 Antipluma:
939 4311 1051 4359 add.
1078 4311 1158 4373 63.

506 4374 541 4405 ¹¹
580 4376 660 4426 De
675 4376 895 4426 aduentu
914 4375 1119 4435 Christi,
1141 4385 1190 4424 et
1213 4375 1506 4426 inuitatione
1525 4376 1694 4441 populi
1712 4377 1776 4425 ad
1797 4376 1893 4425 Dei
1913 4377 2120 4425 hilarem
2139 4376 2335 4426 laudem
2355 4386 2401 4425 et
2424 4376 2811 4435 venerationem,

411 4458 472 4490 ue
494 4442 728 4502 indurati,
755 4441 861 4491 eius
884 4441 1137 4490 incurrant
1165 4440 1560 4505 indignationem
1584 4460 1596 4490 :
1624 4451 1708 4504 pr.
1738 4441 1816 4491 61.
1845 4453 1940 4491 etc.

509 4505 549 4535 ¹²³
582 4508 719 4557 Deus
741 4507 792 4556 in
814 4505 1130 4556 adiutorium.
1205 4507 1499 4570 Anttsphona
1518 4524 1534 4555 .·
1568 4509 1680 4556 add.
1710 4507 1742 4555 6
1745 4519 1788 4569 3.
