3293 5225
473 409 539 473 84
1170 418 1402 468 FERJA
1467 416 1774 479 QUARTA
1837 415 2072 466 CJNER
2081 414 2206 467 ΗΜ.

977 628 1045 698 {I
1094 621 1461 685 Secundum
1492 617 1831 684 Ioannem¹
1866 618 2079 683 Lectio
2107 620 2402 683 secunda,

493 732 864 863 chebat
891 754 1051 818 ergo
1087 732 1271 796 Iesus
1302 735 1388 798 ad
1422 753 1537 796 eos
1684 740 1786 796 est
1818 731 1931 814 qui
1963 740 2201 815 querat
2232 741 2298 794 et
2328 728 2591 795 iudicet,

998 962 1066 1032 {I
1122 956 1344 1019 Tertia
1374 954 1551 1019 lectio
1578 957 1927 1019 secundum
1959 955 2053 1018 M
2046 955 2353 1019 attheum,

566 1068 625 1132 N
692 1068 805 1132 illo
850 1077 1189 1152 tempore:
1236 1068 1411 1132 dixit
1463 1068 1651 1131 Iesus
1704 1067 2044 1150 discipulis
2093 1066 2244 1130 suis,
2338 1066 2508 1131 Cum
2550 1062 2899 1128 ieiunatis:

591 1156 796 1220 nolite
828 1154 963 1219 fieri
996 1155 1166 1219 sicut
1197 1154 1541 1239 hypocrite
1566 1156 1804 1220 tristes,
1897 1155 1988 1217 Et
2020 1153 2287 1236 reliqua.

1039 1306 1123 1369 H
1117 1306 1342 1369 omilia
1369 1305 1584 1372 sancti
1607 1306 1669 1369 A
1682 1304 1986 1388 agustini
2008 1305 2322 1388 Episcopi.

610 1417 744 1480 Vm
822 1416 1128 1481 ieiunatis
1204 1417 1480 1498 (inquit)
1525 1417 1730 1480 nolite
1779 1415 1916 1479 fieri
1977 1418 2148 1481 sicut
2222 1416 2569 1499 hypocrite
2661 1416 2899 1478 tristes,

643 1505 1122 1567 Exterminant
1174 1506 1351 1566 enirn
1416 1504 1617 1567 facies
1672 1524 1858 1567 suas:
1933 1512 2005 1567 vt
2079 1515 2445 1586 appareant
2519 1502 2903 1566 hominibus

486 1593 873 1655 ieiunantes,
968 1591 1188 1654 Amen
1252 1592 1407 1655 dico
1467 1592 1697 1655 vobis:
1774 1602 2162 1673 receperunt
2239 1590 2613 1653 mercedem
2690 1609 2898 1653 suam,

485 1679 631 1742 Vos
678 1689 900 1742 autem
947 1679 1354 1741 ieiunantes:
1416 1679 1649 1762 vngite
1696 1679 1918 1760 capita
1965 1688 2226 1742 vestra:
2281 1676 2373 1740 et²
2420 1676 2619 1740 facies
2651 1686 2905 1739 vestras

487 1767 723 1843 lauate‚
757 1786 839 1828 ne
870 1766 1228 1828 videamini
1260 1765 1642 1828 hominibus
1677 1765 2083 1828 ieiunantes:
2138 1765 2255 1827 sed
2289 1766 2456 1847 patri
2510 1774 2730 1828 vestro
2761 1760 2902 1844 qui³

485 1864 589 1917 est
636 1854 699 1915 in
734 1852 1130 1915 abscondito
1179 1861 1245 1915 et
1297 1862 1486 1934 pater
1538 1862 1756 1915 vester
1804 1852 1916 1932 qui
1970 1863 2072 1915 est
2119 1851 2183 1914 in
2232 1852 2624 1915 abscondito
2667 1852 2900 1913 reddet

488 1940 691 2003 vobis,
784 1939 1216 2002 Manifestum
1287 1950 1390 2002 est
1435 1939 1536 2001 his
1590 1940 1956 2022 preceptis:
2025 1959 2293 2002 omnem
2348 1951 2641 2002 nostram
2689 1938 2902 2000 inten-

488 2029 739 2091 tionem
796 2028 862 2088 in
918 2027 1230 2090 interiora
1285 2027 1530 2089 debere
1579 2026 1828 2107 gaudia
1881 2025 2119 2109 dirigi:
2188 2046 2274 2088 ne
2336 2026 2491 2088 foris
2552 2034 2901 2106 querentes

490 2114 862 2178 mercedem
898 2113 1047 2176 huic
1082 2112 1306 2176 seculo
1326 2112 1858 2176 conformemur:
1891 2122 1958 2175 et
1977 2113 2364 2176 amittamus
2396 2112 2899 2195 promissionem

487 2211 680 2266 tanto
739 2200 1087 2276 solidioriS,
1124 2210 1328 2281 atque
1381 2200 1683 2263 firmioris
1735 2208 1991 2281 quanto
2046 2200 2371 2263 interioris
2431 2193 2905 2263 beatitudinis}

490 2288 722 2370 quam⁴
751 2308 874 2351 nos
906 2287 1107 2370 elegit
1140 2288 1304 2349 deus
1337 2288 1710 2350 conformes
1755 2286 1891 2349 fieri
1943 2287 2216 2369 imagini
2267 2286 2379 2368 filij
2431 2287 2545 2349 sui.
2644 2286 2721 2348 In
2775 2285 2903 2347 hoc

489 2385 713 2440 autem
741 2375 1032 2458 capitulo
1053 2375 1350 2437 maxime
1371 2372 2044 2437 animaduertendum
2078 2384 2217 2437 est:
2265 2394 2395 2436 non
2423 2374 2488 2436 in
2515 2372 2659 2435 solo
2690 2391 2906 2434 rerum

489 2481 955 2544 corporearum
1008 2461 1221 2524 nitore
1271 2472 1473 2542 atque
1523 2482 1813 2544 pompa:
1861 2459 1979 2523 sed
2032 2462 2238 2524 etiam
2296 2461 2363 2523 in
2414 2460 2572 2543 ipsis
2603 2459 2908 2523 sordibus

490 2549 774 2614 lutuosis
805 2568 949 2612 esse
980 2568 1178 2632 posse
1224 2547 1652 2612 iactantiam:
1699 2557 1767 2612 et
1815 2568 1897 2610 eo
1951 2548 2530 2631 periculosiorem:
2596 2567 2732 2630 quo
2784 2545 2914 2610 sub

493 2638 805 2701 nomine:
865 2637 1202 2701 seruitutis
1262 2637 1370 2700 dei
1425 2635 1691 2718 decipit.
1785 2634 1920 2717 Qui
1972 2656 2133 2717 ergo
2208 2635 2652 2699 immoderato
2726 2634 2906 2698 cultu

493 2724 786 2808 corporis
814 2733 1018 2806 atque
1049 2724 1311 2799 vestitu,
1341 2723 1446 2786 vel
1479 2733 1847 2786 ceterarum
1882 2743 2098 2786 rerum
2153 2724 2368 2787 nitore
2422 2722 2675 2805 fulget:
2721 2721 2912 2784 facile

493 2810 913 2875 conuincitur
973 2811 1170 2874 rebus
1232 2811 1390 2893 ipsis
1451 2830 1850 2893 pomparum
1914 2810 2114 2873 seculi
2192 2830 2336 2873 esse
2412 2820 2743 2873 sectator:
2817 2806 2914 2872 et⁵

496 2918 921 2982 nequaquam
971 2895 1165 2962 fallit⁶
1209 2895 1443 2961 dolosa
1505 2898 1797 2980 imagine
1856 2898 2242 2961 sanctitatis,
2336 2894 2498 2979 Qui⁷
2556 2907 2782 2961 autem
2845 2896 2910 2958 in

503 2985 913 3069 professione
943 2983 1445 3049 christianitatis
1479 2984 1799 3048 inusitato
1830 2984 2141 3065 squalore
2170 3005 2248 3047 ac
2280 2982 2586 3047 sordibus
2618 2984 2911 3047 intentos

497 3075 564 3137 in
627 3093 699 3135 se
773 3072 1119 3135 hominum
1196 3071 1425 3135 oculos
1487 3070 1662 3149 facit,
1729 3091 1879 3134 cum
1956 3071 2023 3135 id
2098 3071 2442 3135 voluntate
2504 3070 2703 3134 faciat
2778 3089 2913 3132 non

500 3159 894 3224 necessitate
955 3161 1262 3242 patiatur,
1322 3178 1411 3222 ex
1473 3159 1707 3222 ceteris
1769 3159 1910 3221 eius
1963 3159 2272 3241 operibus
2321 3165 2541 3242 potest
2590 3156 2918 3234 conuinci,

500 3257 721 3312 vtrum
774 3247 901 3310 hoc
951 3256 1343 3328 contemptu
1392 3244 1704 3329 superflui
1757 3244 2007 3309 cultus:
2082 3242 2224 3309 aut⁸
2267 3246 2631 3309 ambitione
2689 3244 2914 3327 aliqua

500 3334 704 3399 faciat
763 3334 919 3416 quia
979 3334 1172 3397 nobis
1232 3332 1359 3396 sub
1418 3333 1619 3395 ouina
1680 3330 1851 3415 pelle
1924 3333 2263 3397 canendos
2337 3332 2531 3416 lupos
2605 3331 2920 3394 dominus

505 3421 815 3506 precepit,
906 3419 1043 3485 Sed
1074 3440 1165 3483 ex
1198 3418 1515 3483 fructibus
1546 3419 1821 3502 (inquit)
1852 3439 2080 3483 eorum
2114 3419 2529 3503 cognoscetis
2560 3416 2723 3483 eos,⁹

1254 3573 1322 3644 ΙΙ
1367 3567 1493 3631 Ad
1514 3567 1740 3631 laudes
1767 3568 2138 3650 antiphona,

638 3680 817 3746 Ecce
892 3699 1069 3744 nunc
1142 3689 1409 3763 tempus
1485 3680 1898 3763 acceptabile
1983 3700 2139 3744 ecce
2215 3699 2390 3744 nunc
2465 3680 2608 3745 dies
2683 3677 2918 3741 salutis

505 3767 1055 3834 commendemus
1086 3767 1535 3850 nosmetipsos
1568 3768 1633 3830 in
1670 3766 1881 3831 multa
1913 3768 2250 3852 patientia,

1589 3917 1838 3991 Oratio.

632 4032 841 4096 Resta
931 4029 1225 4094 Domine
1313 4027 1618 4095 fidelibus
1709 4028 1841 4097 tuis
1929 4042 2000 4096 vt
2076 4031 2467 4095 ieiuniorum
2543 4031 2923 4094 veneranda

658 4117 959 4182 solennia
991 4129 1057 4182 et
1087 4136 1384 4202 congrua
1431 4120 1684 4201 pietate
1731 4119 2113 4203 suscipiant,
2162 4116 2260 4205 et]
2278 4138 2507 4182 secura
2559 4117 2923 4181 deuotione

510 4214 912 4290 percurrant,
1006 4205 1146 4271 Per,

604 4350 789 4470 213³}
809 4351 1030 4482 {21⁵3AE
1385 4351 1654 4469 {52:23‘:
1694 4354 1776 4418 ³⁸·
2227 4352 2558 4470 ἷζῖῗῗξέἕ·

605 4480 628 4519 ²
659 4435 824 4549 Qum:
859 4483 941 4535 61.
1401 4481 1422 4515 ⁸
1453 4500 1551 4535 an:
1587 4483 1667 4535 6ο.
1696 4484 1775 4536 61.
1804 4483 1885 4548 64,
2222 4482 2244 4516 ⁹
2277 4485 2529 4537 Miserere,
2560 4496 2638 4551 50,
2666 4486 2778 4535 add,
2805 4484 2891 4546 63.
