3293 5225
675 446 907 496 FERIA
945 447 1041 496 IV.
1082 448 1525 498 DOMINICAE
1556 449 1633 498 Il.
1679 449 1870 498 POST
1891 449 2461 500 PENTECOSTEN.
2663 447 2747 498 181

359 597 670 663 horarum
704 600 1165 682 quadraginta.
1260 601 1397 664 Illis
1428 611 1652 665 autem
1687 603 1801 685 qui
1834 624 1950 686 per
1979 604 2185 686 ipsius
2218 603 2364 667 sesti
2397 613 2671 666 octauas
2703 603 2768 664 in

363 686 885 765 matutinalibuS,
918 689 1323 770 vespertini5‚
1355 689 1552 752 misse
1583 710 1662 752 ac
1696 690 2138 772 predictarum
2178 691 2487 753 horarum
2535 688 2772 769 officijs

361 783 698 855 presentes
728 777 1091 838 existerent
1122 776 1399 859 singulis
1443 776 1680 838 diebus
1724 786 2110 841 octauarum
2159 778 2451 860 ipsarum
2502 788 2770 840 centum

361 858 618 1008 {iiiemm
653 862 1138 946 indulgentiam
1173 863 1403 925 tribuit
1436 864 1947 928 misericorditer
1978 866 2313 947 perpetuis
2359 863 2773 946 temporibus

413 956 766 1013 uraturam.

513 1229 671 1292 Vod
747 1250 1023 1293 cernens
1104 1230 1342 1313 Ioseph
1422 1231 1550 1293 ruit
1624 1250 1823 1314 super
1899 1230 2133 1294 faciem
2204 1231 2408 1313 patris
2467 1229 2633 1293 flens

542 1317 870 1400 sepulchri
903 1317 990 1380 ab
1024 1317 1299 1399 Ephron
1337 1316 1607 1381 Hetheo
1637 1327 1871 1381 contra
1903 1318 2140 1381 faciem
2178 1317 2500 1381 Mambre.

910 1501 977 1571 (Ι
1021 1495 1134 1558 Ex
1158 1495 1321 1558 actis
1349 1495 1821 1577 apostolormn.2
1912 1497 2122 1559 Lectio
2153 1498 2236 1579 .ῂὶ

374 1625 580 1753 VIr
639 1636 867 1689 autem
943 1624 1218 1707 quidam
1280 1636 1421 1689 erat
1485 1628 1550 1688 in
1618 1647 1902 1704 cesarea,
1963 1629 2234 1690 nomine
2297 1626 2644 1691 Cornelius

536 1713 839 1795 cognatis
870 1714 1004 1775 suis
1035 1723 1102 1775 et
1135 1713 1546 1795 necessarijs⁸
1576 1715 1822 1777 amicis.

1296 1899 1364 1969 (I
1420 1893 1648 1957 Tereia
1675 1894 1868 1958 lectz‘0.

385 2021 706 2150 HVius
736 2022 1133 2085 sacramenti
1181 2021 1391 2105 figura
1436 2024 1754 2105 precessit
1797 2025 2069 2106 quando
2117 2043 2362 2086 manna
2397 2023 2584 2086 Deus
2616 2022 2784 2105 pluit

566 2109 867 2191 patribus
956 2109 1024 2171 in
1116 2109 1396 2186 desert0,
1476 2111 1589 2192 qui
1674 2111 2067 2192 quotidiano
2142 2112 2264 2174 celi
2342 2109 2787 2193 pascebantur

370 2194 707 2259 alimento,
818 2195 1019 2258 Vnde
1065 2197 1317 2260 dictum
1372 2206 1491 2259 est.
1603 2196 1852 2260 Panem
1909 2196 2296 2279 angelorum
2353 2196 2785 2259 manducauit

371 2282 593 2345 homo,
688 2282 822 2347 Sed
855 2291 1080 2346 tamen
1126 2281 1310 2348 illum
1362 2302 1603 2365 panem
1654 2285 1766 2366 qui
1817 2285 2403 2357 manducauerunt‚
2436 2302 2670 2346 omnes
2716 2283 2782 2344 in

372 2370 639 2432 deserto
671 2371 912 2433 mortui
944 2379 1113 2432 sunt.
1210 2370 1348 2433 Ista
1377 2381 1600 2434 autem
1634 2392 1788 2434 esca
1831 2391 2033 2453 quam
2081 2372 2380 2453 accipitis
2425 2371 2547 2432 iste
2596 2370 2786 2451 panis

372 2458 563 2519 viuus
595 2456 706 2539 qui
738 2456 823 2520 de
854 2457 997 2520 celo
1029 2456 1390 2534 descendit,
1422 2458 1554 2521 vite
1585 2468 1812 2522 eterne
1842 2457 2282 2521 substantiam
2309 2457 2785 2520 subministrat.

377 2543 467 2606 Et
526 2547 904 2627 quicunque
963 2544 1140 2607 hunc
1215 2565 1458 2628 panem
1536 2545 2040 2608 manducauerit
2116 2564 2247 2607 non
2325 2545 2644 2607 morietur
2717 2543 2783 2605 in

374 2641 694 2707 eternum,
728 2632 885 2714 quia
915 2651 1154 2714 corpus
1196 2632 1439 2696 Christi
1486 2643 1604 2696 est.
1696 2632 2061 2698 Considera
2107 2653 2283 2695 nunc
2327 2642 2547 2696 vtrum
2594 2632 2787 2714 panis

373 2718 762 2803 angelorum
797 2720 1197 2801 prestantior
1226 2721 1311 2781 sit
1340 2739 1425 2782 an
1457 2740 1611 2783 caro
1659 2719 1921 2797 Christi,
1969 2720 2081 2802 qui
2125 2721 2353 2801 vtique
2397 2728 2499 2783 est
2544 2738 2786 2801 corpus

374 2807 526 2869 vite.
639 2806 893 2869 Manna
942 2805 1102 2869 illud
1152 2806 1236 2869 de
1283 2807 1446 2884 ce10,
1493 2806 1618 2869 hoc
1669 2827 1865 2889 super
1912 2808 2148 2871 celum.
2244 2805 2415 2870 Illud
2464 2805 2606 2877 celi.
2659 2804 2784 2868 hoc

374 2892 628 2957 domini
660 2893 969 2957 celorum.
1064 2891 1238 2956 Illud
1269 2894 1676 2976 corruptioni
1706 2895 2077 2958 obnoxium
2111 2896 2165 2956 si
2199 2895 2264 2957 in
2298 2895 2475 2957 diem
2499 2891 2783 2956 alterum

375 2991 764 3057 seruaretur,
838 2978 963 3043 hoc
1038 2979 1329 3043 alienum
1406 2983 1494 3044 ab
1553 2983 1738 3044 omni
1798 2981 2267 3063 corruptione!
2383 2980 2784 3063 Quicunque

374 3068 679 3150 religiose
708 3068 1075 3151 gustauerit
1106 3068 1595 3149 corruptionem
1628 3070 1874 3131 sentire
1907 3088 2040 3130 non
2074 3069 2332 3150 poterit.
2431 3067 2569 3130 Illis
2607 3085 2784 3149 aqua

374 3155 460 3218 de
506 3164 695 3236 petra
738 3154 953 3231 fluxit,
998 3153 1118 3216 tibi
1165 3156 1436 3237 sanguis
1474 3176 1514 3218 e
1562 3155 1846 3220 Christo.
1945 3155 2103 3219 Illos
2134 3157 2218 3219 ad
2252 3156 2484 3217 horam
2516 3154 2786 3218 satiauit

375 3261 569 3323 aqua,
599 3240 689 3304 te⁵
736 3240 1005 3323 sanguis
1037 3241 1278 3305 Christi
1312 3241 1503 3305 diluit
1537 3243 1600 3304 in
1637 3254 1956 3307 eternum.
2052 3242 2299 3305 Iudeus
2331 3241 2497 3304 bibit
2528 3250 2596 3303 et
2626 3242 2786 3319 sitit,

374 3338 449 3392 tu
481 3348 634 3391 cum
681 3327 939 3403 biberis,
985 3329 1165 3391 sitire
1212 3348 1347 3391 non
1400 3330 1664 3410 poteris.
1779 3329 1868 3392 Et
1919 3328 2082 3392 illud
2135 3330 2200 3392 in
2254 3328 2488 3391 vmbra
2539 3327 2666 3391 hoc
2718 3330 2782 3390 in

373 3417 669 3479 veritate.
761 3413 834 3478 Si
874 3414 1035 3478 illud
1084 3416 1265 3496 quod
1316 3416 1571 3479 miraris
1622 3415 1856 3478 vmbra
1907 3425 2028 3492 est,
2079 3426 2404 3498 quantum
2459 3415 2633 3478 istud
2684 3424 2784 3477 est

374 3503 562 3566 cuius
592 3501 924 3564 vmbram⁰
954 3502 1259 3564 miraris?
1351 3502 1532 3567 Audi
1567 3503 1724 3585 quia
1754 3502 1987 3565 vmbra
2018 3513 2119 3566 est
2164 3523 2294 3585 que
2338 3501 2517 3585 apud
2565 3509 2788 3584 patres

375 3590 554 3653 sacta
583 3599 701 3652 est.
794 3588 1124 3652 Bibebant
1171 3589 1441 3671 (inquit)
1487 3589 1571 3653 de
1616 3590 1893 3672 spiritali
1940 3599 2391 3672 consequente
2419 3609 2536 3652 eos
2582 3597 2787 3670 petra,

376 3686 565 3760 petra
584 3688 809 3740 autem
830 3690 972 3739 erat
994 3675 1313 3740 Christus·
1409 3678 1543 3743 Sed
1567 3679 1727 3740 non⁷
1749 3677 2046 3759 pluribus
2065 3697 2291 3740 eorum
2314 3674 2784 3758 complacitum

376 3773 480 3827 est
512 3763 681 3841 De0‚
710 3783 867 3826 nam
901 3765 1211 3846 prostrati
1243 3774 1397 3827 sunt
1429 3763 1493 3826 in
1526 3765 1791 3828 deserto
1820 3787 1833 3826 :
1880 3762 2002 3826 hec
2033 3772 2258 3827 autem
2301 3762 2477 3827 sacta
2519 3770 2674 3825 sunt
2719 3762 2785 3824 in

378 3848 591 3933 figura
624 3851 847 3915 nostri.
938 3849 1329 3933 Cognouisti
1364 3851 1667 3931 potiora.⁸
1759 3850 1984 3914 Potior
2013 3861 2113 3914 est
2146 3850 2264 3914 lux
2289 3870 2491 3933 quam
2515 3849 2788 3913 vmbra:

375 3939 621 4001 veritas
650 3956 853 4020 quam
881 3935 1110 4020 figura,
1132 3957 1372 4020 corpus
1395 3939 1684 4001 auctoris
1714 3957 1915 4019 quam
1951 3957 2197 4001 manna
2228 3939 2312 4001 de
2334 3937 2495 4000 celo,
2588 3936 2788 4002 Forte

378 4023 563 4088 dicis,
653 4024 860 4088 Aliud
892 4025 1088 4087 video
1119 4025 1460 4106 quomodo
1491 4036 1562 4088 tu
1597 4025 1756 4088 mihi
1791 4025 2025 4088 asseris
2055 4027 2245 4106 quot⁹
2275 4042 2513 4106 corpus
2544 4021 2791 4088 Christi

376 4112 699 4195 accipiam
725 4118 752 4174 ?
843 4112 934 4174 Et
964 4112 1090 4174 hoc
1124 4110 1314 4173 nobis
1344 4122 1642 4194 superest
1675 4123 1746 4175 vt
1778 4111 2152 4195 probemus,

478 4314 496 4347 ¹
532 4315 620 4366 Ca.
652 4326 716 4379 50
737 4316 795 4364 in
819 4331 884 4364 m.
914 4315 968 4376 [l.
1004 4314 1171 4377 1-13.]
1588 4309 1611 4341 ²
1643 4312 1733 4362 Ca.
1770 4324 1828 4361 10
1858 4314 1915 4361 in
1939 4329 2003 4361 m.
2033 4313 2101 4374 [x.
2139 4312 2304 4373 1-24]

477 4379 500 4411 ³
532 4380 890 4432 necessitariis:
929 4378 1007 4443 38.
1578 4376 1599 4406 ⁴
1632 4378 1799 4452 quod:
1835 4380 1945 4426 add.
1974 4390 2054 4441 39.
2082 4390 2161 4436 41.
2474 4373 2496 4405 ⁸
2527 4383 2613 4424 et:
2650 4386 2727 4437 43.

478 4443 502 4476 ⁸
533 4448 708 4496 vmbra
734 4464 749 4495 ι
770 4458 863 4560 &o
1588 4441 1610 4472 ⁷
1643 4458 1730 4491 m:
1766 4444 1877 4492 add.
1909 4456 1989 4506 43.
2018 4456 2099 4505 49.
2127 4443 2206 4491 61.
2236 4441 2314 4505 63.
2344 4439 2424 4502 64.
2453 4439 2533 4490 66.

480 4509 503 4543 ⁸
535 4512 735 4578 prior-az
837 4547 849 4559 .
1593 4504 1615 4537 ⁹
1646 4506 1814 4570 quod:
1851 4507 1928 4571 38.
1959 4518 2051 4558 etc.
