3293 5225
546 480 609 542 36
757 548 761 552 1
1194 483 1248 530 l)
1255 483 1573 530 OMINJCA
1614 483 1853 530 PRIMA
1902 484 1949 529 A
1959 482 2010 530 D
2025 483 2070 529 V
2067 483 2117 529 E
2120 482 2180 529 N
2185 483 2218 529 7
2234 483 2333 531 ΠΧ.

547 655 746 717 super
776 646 1045 718 gentem
1080 655 1404 717 exurgere
1436 655 1798 717 earumque
1830 655 2201 717 pressuram
2236 637 2424 698 terris
2458 636 2780 699 insistere:
2815 636 2963 718 plus

548 722 678 784 iam
713 723 776 784 in
812 724 1054 786 nostris
1101 723 1637 786 tribulationibus
1667 724 1997 785 cernimus
2029 743 2230 804 quam
2267 723 2330 784 in
2367 723 2607 785 nostris
2628 723 2965 785 codicibus

550 809 846 890 legimus,
940 807 1189 891 Quaml
1236 820 1635 873 terremotus
1681 809 1874 871 vrbes
1921 810 2302 873 innumeras
2333 812 2652 873 subruat:
2695 831 2783 873 ex
2817 809 2968 890 alijs

551 897 784 959 mundi
816 898 1114 979 partibus
1144 897 1325 960 scitis
1370 916 1571 977 quam
1621 897 1997 977 frequenter
2026 897 2420 961 audiuimus,
2514 897 2965 960 Pestilentiam

549 983 691 1046 sine
722 985 1090 1047 cessatione
1122 985 1427 1066 patimur.
1520 984 1730 1067 Signa
1760 1004 1916 1046 vero
1947 985 2010 1045 in
2046 984 2185 1046 sole
2217 994 2283 1047 et
2331 985 2486 1047 luna
2517 994 2585 1047 et
2617 985 2821 1047 stellis
2854 984 2968 1047 ad-

552 1071 679 1133 huc
726 1081 954 1155 aperte
1001 1072 1275 1134 minime
1319 1071 1640 1134 videmus,
1734 1071 1869 1135 Sed
1913 1072 2069 1152 quia
2100 1082 2166 1134 et
2212 1072 2334 1134 hec
2381 1092 2513 1134 non
2556 1071 2752 1153 longe
2799 1073 2972 1134 sint:

552 1179 639 1219 ex
675 1159 818 1240 ipsa
848 1159 976 1220 iam
1028 1160 1195 1221 aeris
1237 1160 1704 1221 immutatione
1737 1158 2125 1238 colligimus,
2219 1158 2548 1240 Quamuis
2583 1161 2966 1240 priusquam

560 1244 753 1308 Italia
799 1247 1032 1327 gentili
1081 1246 1306 1326 gladio
1364 1246 1658 1308 ferienda
1730 1247 2130 1308 traderetur:
2206 1247 2432 1325 igneas
2483 1248 2546 1308 in
2604 1247 2746 1308 celo
2797 1247 2970 1308 acies

553 1333 876 1395 vidimus:
907 1334 1124 1414 ipsum
1158 1335 1269 1415 qui
1304 1346 1537 1415 postea
1569 1332 1816 1395 effusus
1848 1342 1949 1394 est
1980 1334 2254 1395 humani
2287 1335 2546 1414 generis
2579 1335 2971 1415 sanguinem

554 1432 1027 1483 corruscantes,
1119 1420 1438 1484 Confusio
1483 1431 1707 1483 autem
1742 1420 1957 1493 maris,
1991 1429 2058 1482 et
2105 1419 2425 1483 fluctuum
2475 1421 2757 1483 necdum
2801 1442 2974 1483 noua

556 1517 794 1570 exorta
854 1519 970 1572 est.
1070 1507 1204 1571 Sed
1268 1528 1419 1569 cum
1469 1508 1680 1569 multa
1741 1508 1871 1569 iam
1930 1508 2352 1589 prenuntiata
2414 1508 2749 1590 completa
2803 1509 2975 1570 sint:

556 1593 833 1656 dubium
870 1616 1001 1657 non
1035 1605 1134 1657 est
1166 1595 1348 1676 quod
1396 1604 1756 1675 sequantur
1799 1596 2001 1657 etiam
2038 1615 2247 1675 pauca
2279 1615 2408 1676 que
2441 1605 2708 1657 restant.
2802 1594 2975 1676 Quia

555 1682 977 1761 sequentium
1041 1702 1256 1744 rerum
1343 1682 1670 1744 certitudo
1710 1694 1811 1744 est
1860 1683 2316 1764 preteritarum
2366 1682 2705 1744 exhibitio,
2832 1683 2979 1744 Hec

558 1788 679 1830 nos
733 1769 965 1831 fratres
1013 1769 1377 1832 charissimi
1432 1769 1673 1832 idcirco
1724 1769 2042 1832 dicimus:
2099 1779 2172 1832 vt
2223 1769 2309 1832 ad
2374 1770 2631 1832 cautele
2685 1771 2974 1832 studium

556 1867 772 1917 vestre
819 1866 1075 1919 mentes
1121 1857 1473 1939 euigilent:
1539 1877 1622 1918 ne
1668 1857 2020 1919 securitate
2065 1865 2413 1938 torpeant:
2484 1877 2566 1919 ne
2608 1857 2982 1937 ignorantia

559 1943 1031 2024 languescant:
1080 1944 1196 2007 sed
1229 1964 1490 2026 semper
1520 1964 1633 2006 eas
1671 1953 1738 2004 et
1786 1944 1984 2005 timor
2015 1943 2316 2019 solicitet,
2348 1954 2413 2005 ct
2463 1944 2524 2005 in
2561 1944 2739 2005 bono
2782 1964 2981 2024 opere

559 2030 910 2093 solicitudo
959 2031 1321 2094 confirmet.
1416 2032 1782 2093 Pensantes
1844 2030 1967 2092 hoc
2030 2031 2210 2111 quod
2276 2030 2713 2112 redemptoris
2775 2031 2976 2092 nostri

559 2138 720 2179 voce
794 2118 1227 2199 subiungitur.
1377 2117 1856 2181 Arescentibus
1930 2117 2313 2180 hominibus
2376 2138 2494 2198 pre
2585 2119 2841 2194 timore,
2914 2129 2980 2180 et

559 2206 1034 2286 expectatione
1108 2225 1237 2286 que
1297 2207 1764 2286 superuenient
1826 2205 2133 2266 vniuerso
2193 2205 2353 2267 orbi.
2479 2204 2657 2266 Nam
2705 2206 2982 2266 virtutes

559 2292 847 2354 celorum
882 2291 1495 2355 commonebuntur.
1585 2292 1690 2354 Tu
1724 2302 1948 2353 autem
1983 2291 2253 2354 domine
2283 2302 2386 2356 etc.

688 2384 754 2454 ΙΙ
787 2378 1191 2455 Notandum,
1221 2380 1397 2460 quod
1428 2379 1930 2460 quandocunque
1958 2378 2188 2460 agitur
2223 2377 2497 2460 officium
2532 2380 2609 2441 de
2639 2379 2979 2452 dominica,

558 2487 666 2528 seu
699 2466 777 2527 de
784 2467 992 2547 seria,
1024 2476 1145 2529 aut
1171 2467 1248 2528 de
1290 2466 1507 2546 aliquo
1523 2466 1697 2545 sesto
1741 2466 1994 2528 domini
2024 2465 2164 2527 siue
2192 2467 2332 2528 eius
2376 2476 2618 2527 octaua.
2709 2465 2874 2527 Item
2909 2467 2976 2527 in

543 2553 746 2634 sestis
814 2552 1219 2617 quentionis
1276 2563 1338 2617 et
1406 2552 1473 2614 E
1472 2553 1853 2616 xaltatiouis
1919 2551 2158 2629 Crucis,
2217 2564 2278 2616 et
2347 2553 2415 2615 in
2478 2553 2984 2616 dedicationibus

560 2640 975 2704 basilicarum
1017 2642 1115 2703 ad
1149 2642 1409 2704 tertiam
1448 2640 1770 2703 lectionem
1812 2640 2080 2702 dicenda
2121 2649 2215 2702 est
2244 2641 2602 2703 benedictio.
2695 2641 2981 2724 Spiritus

560 2729 771 2790 sancti
834 2730 1047 2809 gratia
1107 2738 1210 2791 etc.
1275 2738 1347 2790 vt
1401 2738 1615 2808 supra.
1738 2726 2013 2803 Quando
2077 2749 2221 2789 vero
2280 2729 2512 2809 agitur
2566 2728 2841 2810 officium
2904 2728 2982 2788 de

560 2815 777 2896 aliquo
835 2827 1068 2891 sancto,
1112 2826 1233 2877 aut
1271 2815 1528 2890 sanctis,
1588 2825 1709 2876 aut
1764 2835 1980 2875 eorum
2028 2815 2270 2875 octauis
2328 2815 2571 2876 dicitur
2628 2815 2982 2877 benedictio.

561 2902 766 2966 Cuius
798 2903 903 2964 vel
926 2923 1227 2984 quorum,
1260 2903 1365 2965 vel
1400 2922 1680 2983 quarum
1715 2900 1982 2964 2festum
2016 2900 2339 2977 colimus?
2387 2904 2545 2984 ipse,
2579 2903 2685 2965 vel
2710 2904 2850 2984 ipsi,
2882 2903 2992 2962 vel

563 2991 723 3072 ipsa,
754 2991 859 3053 vel
884 2992 1040 3072 ipse,
1073 2991 1459 3064 intercedat,
1489 2989 1597 3050 vel
1636 2988 2049 3050 intercedant
2094 3009 2211 3071 pro
2244 2990 2435 3052 nobis
2468 2990 2553 3050 ad
2588 2988 2982 3051 dominumss

560 3077 625 3138 R
629 3078 1103 3158 esponsorium.⁴
1191 3077 1435 3140 Amen.

695 3170 759 3239 (Ι
796 3164 851 3227 S
854 3164 885 3224 i
936 3174 1150 3226 autem
1229 3164 1423 3225 tertia
1479 3162 1657 3225 lectio
1698 3162 1922 3240 fuerit
1993 3163 2070 3223 de
2144 3163 2326 3224 beata
2386 3162 2644 3243 virgine
2721 3173 2855 3223 tam
2918 3163 2988 3223 in

562 3252 847 3314 sabbatis
891 3272 1086 3333 quam
1119 3252 1189 3312 in
1241 3252 1379 3312 eius
1409 3249 1912 3330 sestiuitatibus,
1943 3259 2003 3310 et
2031 3249 2297 3311 octauis5
2350 3249 2619 3311 dicenda
2668 3260 2762 3311 cst
2812 3250 2986 3310 bene-

564 3339 771 3403 dictio.
864 3340 988 3401 Per
1032 3338 1353 3420 virginem
1391 3347 1670 3399 matrem
1720 3336 2047 3399 concedat
2082 3337 2275 3398 nobis
2321 3336 2636 3399 dominus
2685 3336 2991 3411 salutem,

566 3436 633 3489 et
665 3446 917 3509 pacem.
1007 3421 1548 3506 Responsorz'um.⁶
1640 3422 1882 3485 Amen.

697 3520 763 3590 ΙΙ
799 3513 1146 3576 Sciendum
1230 3512 1503 3592 insuper,
1584 3510 1759 3591 quod
1831 3511 2328 3592 quandocunque
2386 3510 2483 3591 fit
2561 3509 2832 3591 officium
2917 3512 2998 3571 dc

568 3600 891 3664 dominica
943 3611 1069 3681 per
1126 3608 1326 3660 totum
1397 3618 1664 3669 annum,
1725 3607 1847 3659 aut
1902 3597 1979 3659 de
2042 3597 2258 3679 aliquo
2317 3618 2397 3659 ex
2442 3597 2647 3676 sestis
2714 3595 2997 3658 dominiT

572 3688 923 3763 mobilibuS,
951 3707 1060 3748 seu
1106 3706 1322 3747 eorum
1368 3684 1625 3746 octauis.
1716 3683 1880 3746 Item
1911 3684 2411 3765 quandocunque
2455 3684 2685 3765 agitur
2711 3683 2988 3764 officium

571 3778 648 3838 de
691 3774 880 3855 feria
933 3774 1002 3835 in
1055 3773 1357 3847 aduentu,
1407 3781 1469 3833 et
1549 3772 1619 3832 in
1679 3771 2197 3852 quadragesima,
2257 3783 2505 3851 semper
2563 3771 2631 3831 in
2679 3771 2998 3852 predictis

570 3863 792 3925 diebus
836 3861 1027 3924 tertia
1072 3860 1247 3921 lectio
1279 3858 1649 3920 inuenietur
1687 3859 2026 3939 assignata
2070 3858 2139 3919 in
2191 3856 2304 3919 hoc
2348 3857 2728 3919 dominicali
2764 3858 2994 3918 statim

561 3960 711 4031 post
739 3949 1081 4011 secundam
1113 3946 1450 4008 lectionem.
1545 3942 1821 4021 Quando
1867 3966 2013 4008 vero
2027 3944 2122 4026 fit
2155 3944 2429 4026 officium
2463 3945 2541 4006 de
2569 3945 2785 4025 aliquo
2799 3946 2998 4024 sesto,

572 4047 694 4098 aut
748 4045 988 4110 octaua,
1046 4054 1126 4095 ex
1179 4032 1486 4095 contentis
1547 4032 1615 4092 in
1699 4030 2099 4108 Calendario,
2161 4032 2347 4093 tertio
2407 4031 2604 4105 lectio,
2669 4032 2736 4092 si
2773 4031 3002 4111 suerit

561 4123 834 4206 propria
883 4121 1252 4184 inuenietur
1301 4120 1370 4181 in
1424 4140 1498 4180 ea
1536 4128 1732 4199 parte
1783 4118 2113 4199 breuiarij,
2165 4140 2284 4201 que
2360 4119 2642 4180 continet
2686 4118 3002 4179 historias

575 4220 958 4273 sanctorum.
1048 4208 1144 4270 Et
1212 4207 1278 4268 si
1347 4228 1471 4268 non
1544 4206 1767 4285 suerit
1836 4206 2175 4287 assignata
2250 4206 2526 4287 propria
2600 4205 2852 4266 dicetur
2921 4206 3004 4266 de

575 4296 912 4360 communi.
1000 4294 1166 4357 Item
1211 4293 1466 4376 quando
1496 4293 1725 4374 agitur
1765 4292 2037 4374 officium
2071 4295 2148 4355 de
2161 4293 2350 4373 seria
2394 4302 2581 4354 extra
2625 4293 3003 4367 aduentum,

675 4434 691 4465 ¹
737 4434 877 4482 Thus
899 4431 975 4495 38.
1005 4429 1151 4494 Quod
1176 4450 1187 4480 :
1226 4443 1303 4492 39.
1332 4438 1425 4479 etc.
2149 4426 2257 4464 ²—²
2290 4429 2500 4477 colimus
2523 4428 2698 4477 festum
2726 4447 2735 4475 :
2776 4440 2852 4489 39.
2882 4441 2966 4488 41.

674 4501 695 4532 ³
730 4501 893 4548 Deum
918 4505 1138 4546 nostrum
1163 4515 1174 4544 :
1211 4496 1321 4544 add.
1351 4494 1430 4543 61.
2157 4493 2175 4522 ⁴
2208 4511 2300 4542 om.
2330 4493 2409 4543 61.

673 4570 694 4599 ³
726 4581 818 4613 om.
849 4576 926 4625 39.
1640 4556 1663 4588 ⁶
1695 4576 1788 4608 om.
1817 4559 1897 4608 61.
2145 4558 2162 4589 ⁷
2196 4576 2288 4608 om.
2321 4559 2398 4622 38.
