3293 5225
401 552 523 600 Lm.
552 549 629 613 8.]
1180 552 1367 602 OCTA
1385 553 1474 601 VA
1520 552 1946 601 EPJPHANJA
1954 553 2016 601 E.
2710 560 2807 614 245

397 705 611 768 solum
644 705 800 786 quia
832 715 1210 768 nasceretur
1240 715 1583 782 nouerant,
1613 707 1729 768 sed
1762 707 1963 769 etiam
1997 706 2106 769 vbi
2140 715 2531 769 nasceretur.
2624 704 2805 766 Nam

400 792 487 854 ab
550 792 823 854 Herode
883 791 1202 875 requisitil
1256 792 1473 855 locum
1538 794 1908 856 natiuitatis
1957 794 2097 855 eius
2155 793 2543 874 exprimunt
2602 811 2805 873 quem

400 880 717 962 scripture
749 881 1143 943 auctoritate
1166 879 1556 944 didicerunt.
1649 880 1740 943 Et
1773 881 2226 943 testimonium
2254 879 2594 961 proferunt
2625 877 2808 960 quod

406 966 794 1030 Bethlehem
857 966 1162 1029 honorari
1215 968 1563 1030 natiuitate
1623 968 1780 1030 noui
1835 968 2021 1030 ducis
2081 966 2493 1029 ostenditur:
2541 976 2611 1029 vt
2664 967 2811 1047 ipsa

403 1074 630 1116 eorum
685 1054 962 1116 scientia
1014 1063 1080 1115 et
1152 1053 1278 1116 illis
1331 1053 1513 1116 fieret
1567 1053 1655 1116 ad
1715 1055 2168 1117 testimonium
2231 1053 2683 1116 damnationis
2744 1060 2815 1114 et

406 1140 596 1203 nobis
645 1140 730 1203 ad
780 1140 1182 1203 adiutorium
1237 1140 1661 1205 credulitatis,
1774 1141 1963 1224 Quos
2016 1141 2316 1223 profecto
2386 1138 2569 1202 ante2
2624 1139 2813 1217 Isaac

405 1247 554 1290 cum
645 1227 847 1290 Iacob
923 1226 1130 1291 filium
1221 1249 1414 1291 suum
1504 1227 1924 1291 benediceret
1998 1228 2393 1310 designauit.
2528 1225 2661 1308 Qui
2746 1234 2818 1288 et

405 1315 848 1394 caligantibus
901 1315 1108 1378 oculis
1160 1324 1227 1378 et
1273 1315 1679 1398 prophetans
1732 1317 1796 1377 in
1845 1317 2132 1399 presenti
2182 1314 2387 1377 filium
2435 1334 2627 1376 suum
2680 1333 2818 1375 non

406 1401 612 1464 vidit:
660 1402 762 1464 cui
813 1412 1038 1465 tamen
1095 1402 1305 1465 multa
1359 1403 1424 1464 in
1488 1413 1826 1483 posterum
1882 1402 2181 1484 preuidit.
2275 1400 2452 1483 Quia
2507 1401 2819 1463 nimirum

409 1489 704 1552 iudaicus
751 1489 1036 1571 populus
1082 1489 1428 1573 prophetie
1459 1491 1692 1571 spiritu
1724 1490 1959 1572 plenus
2004 1501 2070 1553 et
2115 1509 2307 1552 cecus
2353 1508 2504 1552 eum
2554 1488 2638 1551 de
2685 1507 2821 1569 quo

412 1575 620 1639 multa
654 1577 717 1638 in
753 1576 975 1639 futuro
1008 1577 1298 1658 predixit
1329 1600 1343 1639 :
1381 1578 1447 1638 in
1481 1578 1770 1658 presenti
1805 1579 2093 1660 positum
2130 1597 2261 1639 non
2295 1576 2589 1657 agnouit.
2682 1573 2820 1638 Sed

413 1664 760 1726 natiuitate
808 1665 979 1746 regis
1027 1665 1230 1726 nostri
1276 1664 1587 1746 cognita:
1641 1664 1947 1726 Herodes
1992 1664 2077 1726 ad
2139 1664 2378 1726 callida
2425 1669 2822 1745 argumenta

411 1751 832 1826 conuertitur,
887 1771 971 1812 ne
1024 1760 1287 1813 terreno
1341 1771 1547 1832 regno
1603 1751 1986 1833 priuaretur.
2040 1751 2478 1814 ‘Renunciari
2540 1749 2662 1811 sibi
2712 1748 2823 1810 vbi

414 1858 576 1919 puer
625 1838 1028 1901 inueniretur
1075 1837 1409 1920 postulat:
1475 1838 1754 1900 adorare
1803 1859 1872 1900 se
1921 1837 2092 1900 velle
2146 1837 2456 1900 simulat:
2509 1846 2581 1898 vt
2634 1835 2826 1917 quasi

414 1922 616 1986 hunc3
648 1925 942 1986 inuenire
975 1927 1182 2007 possit
1202 1925 1573 2007 extinguat.
1669 1924 1803 1988 Sed
1836 1935 2089 2007 quanta
2112 1936 2214 1988 est
2245 1925 2539 1987 humana
2573 1923 2827 1985 malitia

415 2020 646 2074 contra
700 2012 1045 2074 consilium
1097 2012 1536 2075 diuinitatis4?
1629 2012 1964 2095 Scriptum
2016 2013 2263 2094 quippe
2304 2021 2421 2074 est.
2518 2011 2671 2073 Non
2726 2017 2831 2072 est

418 2099 761 2180 sapientia,
851 2119 984 2161 non
1076 2110 1178 2162 est
1269 2098 1636 2181 prudentia,
1732 2120 1862 2162 non
1970 2109 2070 2163 est
2161 2099 2506 2161 consilium
2598 2107 2833 2160 contra

420 2186 785 2250 dominum.

1071 2379 1137 2448 (Ι
1184 2372 1314 2434 Die
1344 2374 1417 2437 .8.
1449 2373 1526 2434 de
1554 2383 1778 2435 octaua
1807 2372 2177 2454 epiphanie.¹'¹

880 2499 1094 2562 Lectio
1123 2501 1235 2581 jis.
1330 2501 1559 2563 Sermo
1589 2522 1653 2564 ..52
1687 2500 2058 2583 Augustini
2081 2501 2357 2582 episcopi.

431 2614 636 2743 AD
708 2624 973 2695 partum
1025 2614 1295 2695 virginis
1356 2612 1774 2678 adorandum
1832 2615 2020 2696 Magi
2075 2614 2161 2677 ab
2209 2615 2463 2677 oriente
2493 2623 2838 2678 venerunt.

604 2701 806 2763 Hunc
868 2701 1044 2762 diem
1108 2700 1306 2763 hodie
1366 2700 1813 2764 celebramus:
1878 2703 2027 2764 huic
2088 2701 2389 2764 debitum
2452 2702 2837 2764 solennitati

423 2808 795 2850 sermonem
919 2787 1373 2870 persoluimuS.
1515 2787 1652 2851 Illis
1759 2789 1897 2852 dies
2015 2790 2135 2850 iste
2240 2790 2490 2870 primus
2597 2788 2836 2863 illuxit,

428 2875 878 2937 anniuersaria
934 2875 1125 2937 nobis
1171 2875 1496 2937 sestiuitas
1530 2876 1715 2939 redit.
1811 2876 1912 2938 Illi
1946 2886 2136 2939 erant
2182 2876 2468 2957 primitie
2521 2876 2843 2957 gentium,

427 2959 572 3023 nos⁶
619 2962 844 3043 populi
876 2963 1195 3043 gentium.
1289 2963 1347 3024 N
1356 2960 1526 3024 obis⁷
1573 2964 1699 3025 hoc
1732 2962 1957 3044 lingua
1991 2963 2329 3025 nunciavit
2361 2962 2840 3045 apostolorum,

424 3048 616 3111 stella
677 3048 802 3110 illis
863 3059 1182 3129 tanquam
1246 3049 1472 3130 lingua
1519 3049 1831 3114 celorum.
1923 3049 2014 3113 Et
2075 3050 2263 3112 nobis
2314 3049 2489 3112 idem
2554 3049 2841 3131 apostoli

427 3145 749 3216 tanquam
812 3134 921 3215 alij
986 3135 1107 3197 celi
1169 3147 1641 3199 enarrauerunt
1704 3136 1980 3218 gloriam
2040 3137 2184 3200 Dei.
2276 3136 2411 3201 Cur
2463 3137 2638 3198 enim
2705 3156 2839 3198 non

427 3243 872 3304 agnoscamus
917 3243 1033 3284 eos
1065 3222 1241 3285 celos
1287 3224 1398 3305 qui
1435 3223 1587 3286 sacti
1635 3233 1790 3287 sunt
1821 3224 2011 3287 sedes
2043 3224 2195 3286 dei?
2288 3224 2473 3287 Sicut
2518 3224 2841 3305 scriptum

427 3320 544 3374 est.
638 3310 886 3372 Anima
941 3310 1091 3372 iusti
1124 3310 1316 3372 sedes
1347 3321 1448 3373 est
1501 3313 1840 3392 sapientie.
1935 3312 2058 3373 Per
2089 3312 2211 3374 hos
2259 3312 2434 3373 enim
2470 3310 2685 3373 celos:
2732 3310 2842 3372 ille

427 3396 716 3460 celorum
767 3396 1122 3459 fabricator
1169 3407 1235 3460 et
1288 3398 1624 3460 habitator
1677 3399 1964 3461 intonuit
2012 3418 2146 3479 quo
2208 3399 2499 3462 tonitruo
2553 3399 2847 3460 mundus

429 3484 716 3560 tremuit,
747 3494 814 3546 et
845 3504 996 3545 ecce
1046 3485 1176 3546 iam
1211 3484 1435 3560 credit,
1470 3505 1789 3566 magnum
1835 3495 2346 3548 sacramentum.
2442 3485 2518 3547 In
2567 3504 2844 3567 presepe

430 3579 587 3633 tunc
620 3571 879 3634 iacebat
908 3579 977 3633 et
1009 3591 1241 3652 magos
1283 3572 1369 3633 ab
1400 3574 1654 3635 oriente
1700 3571 2090 3636 adducebat.
2179 3571 2743 3635 Abscondebatur
2775 3573 2842 3633 in

429 3658 693 3720 stabulo
725 3668 792 3720 et
824 3658 1310 3740 agnoscebatur
1341 3659 1404 3720 in
1440 3659 1583 3721 celo
1614 3669 1686 3723 vt
1717 3661 1983 3742 agnitus
2030 3660 2095 3721 in
2129 3659 2272 3722 celo
2305 3659 2843 3721 manifestaretur

432 3745 495 3807 in
559 3744 839 3807 stabulo
963 3745 1051 3807 Et
1111 3745 1483 3828 appellatur
1542 3746 1900 3828 epiphania
1963 3746 2104 3809 dies
2166 3747 2331 3809 iste:
2393 3746 2574 3828 quod
2637 3746 2844 3808 latine

432 3832 881 3895 manifestatio
922 3831 1050 3894 dici
1084 3843 1320 3915 potest,
1360 3834 1550 3895 simul
1585 3834 1725 3896 cius
1755 3834 2213 3897 celsitudinem
2263 3833 2844 3914 humilitatemque

430 3919 909 3981 commendans
955 3929 1027 3982 vt
1057 3919 1169 3999 qui
1217 3920 1282 3981 in
1330 3929 1563 4001 aperto
1595 3920 1739 3982 celo
1771 3921 2065 4000 sydereis
2110 3922 2315 4004 signis
2349 3920 2844 3983 monstrabatur

432 4008 493 4068 in
560 4017 846 4088 angusto
907 4006 1271 4068 diuersorio
1336 4008 1632 4087 quesitus
1695 4009 2111 4070 inueniretur.
2238 4007 2711 4088 Inualidusque
2775 4008 2840 4069 in

432 4091 820 4156 infantibusss
868 4094 1183 4241 meilnbris
1234 4093 1568 4157 inuolutus
1622 4095 1687 4155 in
1743 4096 2024 4176 pannis:
2070 4093 2548 4157 adoraretur⁹a
2606 4094 2849 4177 Magis,

429 4182 771 4245 timeretur
803 4201 842 4242 a
876 4201 984 4242 ma
1015 4181 1084 4243 is,

529 4409 546 4440 ¹
582 4411 748 4475 magi:
784 4412 897 4460 add.
927 4423 1005 4474 39.
1034 4424 1115 4472 41.
1498 4408 1520 4440 ²
1553 4411 1713 4461 bene:
1751 4424 1828 4475 39.
1858 4422 1951 4462 etc.
2330 4411 2352 4440 ³
2385 4412 2458 4460 si:
2494 4411 2606 4459 add.
2635 4422 2714 4472 39.
2744 4416 2840 4459 etc.

530 4475 551 4506 ⁴
583 4477 892 4526 natiuitatis:
927 4489 1008 4538 41.
1739 4476 1759 4505 ὗ
1791 4477 1873 4527 die
1897 4477 1943 4526 8.
1972 4479 2030 4525 iu
2054 4495 2118 4526 m.
2141 4493 2158 4526 .·
2180 4494 2271 4526 om.
2303 4477 2380 4541 38.

528 4538 551 4571 ⁸
583 4558 719 4591 non:
757 4554 834 4605 39.
1737 4541 1757 4573 ⁷
1792 4542 1957 4591 enim:
1992 4545 2103 4592 add.
2135 4555 2212 4606 39.
2285 4544 2380 4592 de:
2415 4543 2526 4591 add.
2556 4553 2637 4602 41.

528 4604 549 4636 ⁸
583 4606 924 4657 infantilibus:
962 4618 1039 4670 39.
1070 4616 1162 4656 etc.
1736 4605 1758 4636 ⁹
1790 4607 2056 4657 adoretur:
2093 4621 2171 4672 39.
