3293 5225
536 461 628 510 106
845 463 1076 511 FERIA
1148 463 1202 511 V.
1268 463 1706 513 DOJIJNJCAE
1761 464 1866 512 ΙΙΙ.
1935 463 2607 524 Qm-ioRAGESJMAE.

1127 666 1426 728 Homz'lia
1455 688 1502 730 s,
1534 665 1933 747 Hieronymi
1945 666 2316 747 presbyteri.

546 777 824 905 era
913 777 1366 859 phariseorum
1459 779 1957 860 scribarumque
2039 779 2322 842 stultitia
2347 776 2386 842 :¹
2508 779 2637 842 Dei
2729 777 2937 841 filium

741 875 1071 945 arguunt:
1147 885 1351 945 quare
1412 865 1717 948 discipuli
1793 867 1934 928 eius
1994 866 2340 928 hominum
2421 866 2812 929 traditiones
2873 875 2939 928 et

535 962 847 1033 precepta
881 971 1012 1014 non
1036 962 1317 1015 seruent.
1412 953 1566 1015 Non
1594 954 1772 1015 enim
1808 952 2035 1016 lauant
2068 973 2303 1015 manus
2327 973 2481 1015 suas
2512 974 2661 1016 cum
2698 972 2937 1034 panem

535 1036 960 1102 manducant.
1083 1039 1344 1115 ManuS,
1406 1040 1471 1101 id
1535 1052 1635 1102 est
1697 1060 1898 1121 opera
1961 1060 2092 1102 non
2156 1038 2493 1122 corporis?-
2541 1042 2658 1102 sed
2719 1041 2941 1101 anime

535 1124 819 1188 lauande
851 1135 1006 1188 sunt
1037 1137 1109 1189 vt
1141 1125 1256 1189 fiat
1289 1128 1353 1188 in
1390 1126 1514 1189 illis
1547 1126 1822 1189 verbum
1857 1127 1982 1190 dei.
2079 1127 2230 1209 lpse
2273 1136 2497 1190 autem
2534 1126 2945 1210 respondens

533 1213 627 1275 ait
673 1211 816 1275 illis.
909 1212 1134 1296 Quare
1187 1226 1254 1276 et
1302 1234 1419 1275 vos
1470 1214 2007 1294 transgredimini
2058 1215 2448 1278 mandatum
2501 1214 2627 1277 Dei
2677 1223 2946 1297 propter

534 1300 960 1363 traditionem
1043 1306 1380 1363 vestram?
1475 1300 1741 1363 Falsam
1805 1301 2207 1364 calumniam
2277 1323 2431 1363 vera
2515 1302 2944 1382 responsione

535 1388 852 1450 confutat.
975 1387 1145 1452 Cum
1238 1388 1511 1469 (inquit)
1585 1408 1707 1450 vos
1783 1400 2054 1470 propter
2128 1388 2520 1450 traditiones
2595 1388 2942 1450 hominum

536 1484 850 1556 precepta
924 1474 1030 1537 dei
1110 1473 1530 1557 negligatis³:
1595 1495 1800 1555 quare
1874 1476 2235 1557 discipulos
2312 1496 2498 1538 meos
2573 1477 2951 1557 arguendos

534 1561 841 1624 creditis:
919 1561 1099 1642 quod
1174 1564 1508 1624 seniorum
1591 1563 1768 1623 iussa
1844 1563 2378 1644 paruipendant:
2455 1572 2524 1625 vt
2601 1563 2708 1625 dei
2785 1563 2949 1624 scita

534 1649 990 1711 custodiant‘?
1085 1649 1259 1711 Nam
1298 1649 1482 1711 Deus
1515 1649 1726 1711 dixit:
1774 1648 2026 1711 honora
2058 1662 2315 1731 patrem
2348 1659 2538 1712 tuum
2572 1659 2638 1713 et
2672 1658 2950 1712 matrem

536 1745 741 1811 tuam,
774 1746 838 1798 et
894 1737 1004 1817 qui
1040 1736 1464 1799 maledixerit
1520 1737 1689 1818 patri
1724 1736 1827 1798 vel
1886 1738 2077 1799 matri
2115 1747 2326 1799 morte
2382 1738 2717 1800 moriatur.
2807 1736 2953 1797 Vos

535 1834 762 1885 autem
840 1824 1098 1886 dicitis:
1194 1826 1576 1905 quicunque
1652 1824 1898 1886 dixerit
1974 1825 2142 1906 patri
2219 1822 2360 1886 aut⁵
2438 1825 2633 1886 matri
2711 1844 2954 1886 munus

538 1910 982 1991 quodcunque
1066 1921 1167 1974 est
1227 1931 1313 1973 ex
1394 1931 1500 1972 me
1562 1911 1681 1973 tibi
1715 1911 2075 1992 ·proderit:
2151 1921 2219 1973 et
2295 1932 2428 1973 non
2491 1910 2953 1973 honorificabit

539 2009 794 2079 patrem
843 2018 1036 2060 suum
1069 2008 1185 2061 aut
1233 2008 1532 2061 matrem.
1627 1998 1867 2060 Honor
1914 1999 1976 2059 in
2013 1999 2351 2080 scripturis
2388 2018 2518 2061 non
2570 2009 2832 2061 tantum
2885 1998 2950 2058 in

536 2083 1045 2147 salutationibus
1078 2096 1143 2146 et
1176 2084 1410 2165 officijs
1443 2084 1816 2147 deferendis
1845 2108 1858 2146 :
1906 2096 2232 2166 quantum
2281 2086 2345 2147 in
2379 2085 2840 2163 eleemosyniS,
2872 2104 2948 2146 ac

539 2191 886 2234 munerum
923 2171 1260 2234 oblatione
1306 2172 1602 2234 sentitur.
1698 2172 1977 2234 Honora
2023 2172 2266 2253 (inquit
2313 2172 2686 2253 apostolus)
2719 2172 2954 2233 viduas

540 2279 670 2339 que
704 2280 853 2321 vere
885 2260 1082 2321 vidue
1128 2269 1302 2321 sunt.
1397 2259 1528 2321 Hic
1561 2259 1774 2321 honor
1804 2259 2057 2321 donum
2108 2258 2509 2340 intelligitur.
2603 2260 2693 2320 Et
2726 2260 2788 2320 in
2824 2257 2956 2320 alio

540 2346 729 2407 loco:
795 2347 1159 2427 presbyteri
1211 2345 1457 2427 duplici
1508 2346 1760 2408 honore
1810 2346 2179 2408 honorandi
2231 2355 2425 2408 sunt:
2492 2347 2786 2408 maxime
2839 2346 2950 2425 qui

542 2431 847 2495 laborant
909 2434 974 2495 in
1036 2433 1238 2495 verbo
1309 2443 1374 2495 et
1438 2431 1740 2495 doctrina
1805 2433 1950 2496 Dei.
2043 2435 2133 2496 Et
2194 2454 2310 2514 per
2371 2433 2495 2495 hoc
2559 2434 2951 2494 mandatum

539 2520 842 2582 iubemur
903 2530 971 2582 vt
1034 2521 1188 2582 boui
1252 2521 1584 2582 trituranti
1648 2541 1722 2581 os
1786 2540 1917 2582 non
1982 2520 2391 2595 claudamuS,
2438 2532 2506 2583 et
2567 2521 2809 2603 dignus
2870 2520 2953 2580 sit

539 2607 876 2690 operarius
910 2608 1213 2672 mercede
1244 2605 1406 2670 sua!¹

1628 2745 1873 2811 Oratio,

557 2858 873 2986 PResta
906 2859 1096 2921 nobis
1129 2879 1492 2940 quesumus
1525 2860 1796 2921 domine
1831 2870 1900 2922 vt
1948 2859 2346 2922 salutaribus
2381 2861 2641 2940 ieiunijs
2675 2858 2911 2922 eruditi
2943 2882 2957 2921 :

693 2966 731 3007 a
807 2946 1032 3026 noxijs
1095 2966 1360 3027 quoque
1427 2947 1602 3026 vitijs
1679 2946 2086 3008 abstinentes
2156 2948 2696 3029 propitiationem
2775 2958 2957 3010 tuam

540 3031 793 3094 facilius
827 3034 1271 3115 impetremus,
1365 3034 1487 3095 Per
1518 3033 1866 3096 dominum
1901 3044 2217 3095 nostrum.

1122 3217 1188 3286 (Ι
1220 3212 1419 3273 Feria
1453 3233 1526 3275 κεν.
1558 3233 1637 3273 ex
1686 3211 1929 3274 Genesi.
2021 3210 2232 3273 Lectio
2265 3209 2377 3293 '3727

547 3322 838 3454 (IVm8
869 3324 1141 3387 vidisset
1176 3323 1340 3387 Sara
1375 3324 1580 3385 filium
1618 3324 1807 3405 Agar
1954 3344 2232 3385 vxorem
2267 3323 2350 3385 de
2384 3332 2555 3385 terra
2589 3323 2861 3405 Egypti.

1083 3547 1149 3615 (I
1180 3541 1293 3602 Ex
1319 3540 1580 3621 epistola
1612 3539 1700 3603 .t‘.⁹
1728 3539 2068 3603 Joatcm'sJ0
2157 3541 2323 3603 Lect.
2358 3540 2424 3621 ij.

681 3654 1053 3729 Harissimi,
1078 3652 1283 3715 nolite
1303 3652 1483 3713 omni
1507 3653 1765 3734 spiritui
1808 3653 2090 3727 credere,
2111 3652 2226 3714 sed
2376 3653 2487 3734 qui
2511 3652 2727 3733 diligit
2761 3652 2959 3714 deum

704 3739 968 3821 diligit¹¹
1003 3741 1268 3803 fratrem
1302 3760 1511 3802 suum.

1131 3916 1179 3956 ¹2
1194 3914 1465 3981 Tert2211³
1494 3917 1668 3980 lectio
1697 3918 2041 3980 secundum
2074 3916 2388 3981 Lucam.¹2

563 4031 693 4160 IN
721 4031 833 4094 illo
865 4042 1165 4114 tempore
1194 4055 1207 4093 :
1258 4030 1549 4111 Surgens
1581 4031 1766 4093 Iesus
1798 4031 1880 4093 de
1916 4029 2281 4113 Synagoga
2308 4032 2578 4094 intrauit
2603 4032 2667 4092 in
2690 4030 2965 4093 domum

645 4203 659 4233 ¹
698 4204 895 4253 studia:
933 4204 1009 4253 66.
1419 4201 1442 4232 ²
1475 4204 1678 4268 vtique:
1715 4206 1825 4252 add.
1857 4203 1934 4252 61.
1966 4202 2043 4264 64.
2400 4201 2420 4231 ³
2453 4204 2739 4268 negligitis:
2777 4215 2854 4266 39.
2884 4216 2963 4264 41.

642 4268 664 4299 ⁴
695 4270 1006 4319 custodiam:
1043 4268 1120 4318 66.
1857 4267 1877 4297 ⁵
1911 4270 2022 4317 vel:
2060 4283 2139 4329 44.
2169 4280 2246 4329 49.
2277 4268 2354 4317 60.
2386 4268 2463 4317 61.
2493 4269 2570 4329 64.

645 4333 666 4364 ⁶
702 4336 952 4384 Miserere.
986 4346 1061 4399 50.
1091 4337 1201 4383 add.
1232 4335 1309 4398 63.
1858 4332 1878 4364 '¹'
1922 4334 2060 4381 Thus
2066 4333 2160 4395 sor
2180 4371 2191 4382 .
2199 4335 2235 4398 j.
2266 4334 2383 4394 [xxi.
2414 4336 2588 4395 9-21.]

648 4399 669 4430 ⁸
703 4401 930 4464 Cumque
956 4419 967 4449 :
1006 4413 1082 4463 39.
1113 4411 1206 4450 etc.
1857 4398 1878 4428 ⁹
1911 4416 2002 4447 om.
2034 4399 2111 4448 66.

647 4464 687 4495 ¹⁰
722 4467 809 4515 Ca.
839 4481 871 4527 4
896 4467 952 4514 in
976 4482 1041 4514 m.
1070 4465 1155 4525 [iv.
1192 4467 1358 4527 1-21.]
1851 4462 1886 4492 ¹¹
1932 4464 2071 4512 Thus
2092 4466 2196 4513 also
2219 4464 2296 4526 38.
2338 4464 2511 4529 diligat
2537 4473 2617 4514 et:
2655 4477 2732 4527 39.
2762 4473 2856 4514 etc.

646 4529 791 4568 ¹2—1‘2·
825 4544 869 4592 (1
903 4532 1067 4580 Lucae
1090 4533 1207 4595 Cap.
1235 4546 1281 4592 4.
1312 4533 1418 4581 Lec.
1451 4543 1512 4595 3:
1549 4528 1627 4595 38.
1843 4527 1882 4558 ¹³
1915 4529 2003 4579 Ca.
2033 4544 2064 4590 4
2088 4531 2145 4577 in
2170 4547 2235 4578 m.
