<?xml version="1.0" encoding="UTF-8"?>
<!DOCTYPE html PUBLIC "-//W3C//DTD XHTML 1.0 Transitional//EN"
    "http://www.w3.org/TR/xhtml1/DTD/xhtml1-transitional.dtd">
<html xmlns="http://www.w3.org/1999/xhtml" xml:lang="en" lang="en">
 <head>
  <title>
</title>
<meta http-equiv="Content-Type" content="text/html;charset=utf-8" />
  <meta name='ocr-system' content='tesseract 3.04.00' />
  <meta name='ocr-capabilities' content='ocr_page ocr_carea ocr_par ocr_line ocrx_word'/>
</head>
<body>
  <div class='ocr_page' id='page_1' title='image "./secondrecension00legggoog_0123.png"; bbox 0 0 3293 5225; ppageno 0'>
   <div class='ocr_carea' id='block_1_1' title="bbox 864 469 2702 531">
    <p class='ocr_par' dir='ltr' id='par_1_1' title="bbox 864 469 2702 531">
     <span class='ocr_line' id='line_1_1' title="bbox 864 469 2702 531; baseline 0.001 -13"><span class='ocrx_word' id='word_1_1' title='bbox 864 470 1239 518; x_wconf 74' lang='lat' dir='ltr'><em>HEBDOMA</em></span> <span class='ocrx_word' id='word_1_2' title='bbox 1248 469 1348 518; x_wconf 83' lang='lat' dir='ltr'>DA</span> <span class='ocrx_word' id='word_1_3' title='bbox 1387 470 1627 517; x_wconf 74' lang='lat' dir='ltr'><em>PRIMA</em></span> <span class='ocrx_word' id='word_1_4' title='bbox 1665 472 1713 517; x_wconf 76' lang='lat' dir='ltr'><em>A</em></span> <span class='ocrx_word' id='word_1_5' title='bbox 1721 470 1775 517; x_wconf 82' lang='lat' dir='ltr'><em>D</em></span> <span class='ocrx_word' id='word_1_6' title='bbox 1789 469 1946 517; x_wconf 86' lang='lat' dir='ltr'>VEN</span> <span class='ocrx_word' id='word_1_7' title='bbox 1950 469 1994 517; x_wconf 87' lang='grc' dir='ltr'><em>Τ</em></span> <span class='ocrx_word' id='word_1_8' title='bbox 1997 470 2097 519; x_wconf 82' lang='lat' dir='ltr'>US.</span> <span class='ocrx_word' id='word_1_9' title='bbox 2628 482 2702 531; x_wconf 81' lang='lat'>49·</span> 
     </span>
    </p>
   </div>
   <div class='ocr_carea' id='block_1_2' title="bbox 324 622 2701 790">
    <p class='ocr_par' dir='ltr' id='par_1_2' title="bbox 324 622 2701 790">
     <span class='ocr_line' id='line_1_2' title="bbox 324 622 2689 754; baseline 0 -70"><span class='ocrx_word' id='word_1_10' title='bbox 324 623 573 754; x_wconf 77' lang='lat' dir='ltr'>CErte</span> <span class='ocrx_word' id='word_1_11' title='bbox 632 623 684 685; x_wconf 92' lang='lat' dir='ltr'>si</span> <span class='ocrx_word' id='word_1_12' title='bbox 745 630 812 686; x_wconf 89' lang='lat' dir='ltr'>te</span> <span class='ocrx_word' id='word_1_13' title='bbox 874 643 992 684; x_wconf 89' lang='lat' dir='ltr'>rex</span> <span class='ocrx_word' id='word_1_14' title='bbox 1055 634 1350 685; x_wconf 90' lang='lat' dir='ltr'>terrenus</span> <span class='ocrx_word' id='word_1_15' title='bbox 1410 631 1524 685; x_wconf 91' lang='lat' dir='ltr'>aut</span> <span class='ocrx_word' id='word_1_16' title='bbox 1599 622 1978 703; x_wconf 90' lang='lat' dir='ltr'>quicunque</span> <span class='ocrx_word' id='word_1_17' title='bbox 2055 623 2530 704; x_wconf 85' lang='lat' dir='ltr'>paterfamilias</span> <span class='ocrx_word' id='word_1_18' title='bbox 2603 622 2689 685; x_wconf 90' lang='lat' dir='ltr'>ad</span> 
     </span>
     <span class='ocr_line' id='line_1_3' title="bbox 461 709 2701 790; baseline 0 -18"><span class='ocrx_word' id='word_1_19' title='bbox 461 730 646 772; x_wconf 91' lang='lat' dir='ltr'>suum</span> <span class='ocrx_word' id='word_1_20' title='bbox 725 711 1095 774; x_wconf 89' lang='lat' dir='ltr'>natalitium</span> <span class='ocrx_word' id='word_1_21' title='bbox 1165 712 1491 785; x_wconf 89' lang='lat' dir='ltr'>inuitaret,</span> <span class='ocrx_word' id='word_1_22' title='bbox 1551 709 1860 790; x_wconf 87' lang='lat' dir='ltr'>qualibus</span> <span class='ocrx_word' id='word_1_23' title='bbox 1920 710 2333 775; x_wconf 90' lang='lat' dir='ltr'>vestimentis</span> <span class='ocrx_word' id='word_1_24' title='bbox 2394 710 2701 773; x_wconf 79' lang='lat' dir='ltr'><strong>studeres</strong></span> 
     </span>
    </p>
   </div>
   <div class='ocr_carea' id='block_1_3' title="bbox 240 796 2744 3143">
    <p class='ocr_par' dir='ltr' id='par_1_3' title="bbox 240 796 2744 3143">
     <span class='ocr_line' id='line_1_4' title="bbox 240 796 2698 879; baseline 0 -21"><span class='ocrx_word' id='word_1_25' title='bbox 240 871 241 878; x_wconf 8' lang='grc' dir='ltr'>ἵ</span> <span class='ocrx_word' id='word_1_26' title='bbox 319 809 555 859; x_wconf 88' lang='lat' dir='ltr'>ornatus</span> <span class='ocrx_word' id='word_1_27' title='bbox 632 798 953 873; x_wconf 84' lang='lat' dir='ltr'>incedere,</span> <span class='ocrx_word' id='word_1_28' title='bbox 1012 817 1213 878; x_wconf 90' lang='lat' dir='ltr'>quam</span> <span class='ocrx_word' id='word_1_29' title='bbox 1293 799 1484 859; x_wconf 90' lang='lat' dir='ltr'>nouis</span> <span class='ocrx_word' id='word_1_30' title='bbox 1542 797 1645 858; x_wconf 87' lang='lat' dir='ltr'>vel</span> <span class='ocrx_word' id='word_1_31' title='bbox 1726 798 1970 872; x_wconf 87' lang='lat' dir='ltr'>nitidis,</span> <span class='ocrx_word' id='word_1_32' title='bbox 2029 817 2232 878; x_wconf 92' lang='lat' dir='ltr'>quam</span> <span class='ocrx_word' id='word_1_33' title='bbox 2310 796 2698 879; x_wconf 87' lang='lat' dir='ltr'>splendidis,</span> 
     </span>
     <span class='ocr_line' id='line_1_5' title="bbox 320 883 2696 966; baseline -0 -20"><span class='ocrx_word' id='word_1_34' title='bbox 320 904 562 965; x_wconf 84' lang='lat' dir='ltr'>quorum</span> <span class='ocrx_word' id='word_1_35' title='bbox 641 904 761 946; x_wconf 90' lang='lat' dir='ltr'>nec</span> <span class='ocrx_word' id='word_1_36' title='bbox 821 893 1114 947; x_wconf 88' lang='lat' dir='ltr'>vetustas</span> <span class='ocrx_word' id='word_1_37' title='bbox 1192 904 1312 946; x_wconf 91' lang='lat' dir='ltr'>nec</span> <span class='ocrx_word' id='word_1_38' title='bbox 1373 885 1610 959; x_wconf 87' lang='lat' dir='ltr'>vilitas,</span> <span class='ocrx_word' id='word_1_39' title='bbox 1673 904 1792 945; x_wconf 88' lang='lat' dir='ltr'>nec</span> <span class='ocrx_word' id='word_1_40' title='bbox 1869 885 2091 966; x_wconf 84' lang='lat' dir='ltr'>aliqua</span> <span class='ocrx_word' id='word_1_41' title='bbox 2154 883 2391 947; x_wconf 89' lang='lat' dir='ltr'>feditas</span> <span class='ocrx_word' id='word_1_42' title='bbox 2468 883 2696 947; x_wconf 91' lang='lat' dir='ltr'>oculos</span> 
     </span>
     <span class='ocr_line' id='line_1_6' title="bbox 320 970 2696 1054; baseline 0.001 -22"><span class='ocrx_word' id='word_1_43' title='bbox 320 973 629 1033; x_wconf 89' lang='lat' dir='ltr'>inuitantis</span> <span class='ocrx_word' id='word_1_44' title='bbox 702 971 1106 1034; x_wconf 88' lang='lat' dir='ltr'>offenderet:</span> <span class='ocrx_word' id='word_1_45' title='bbox 1191 971 1306 1033; x_wconf 91' lang='lat' dir='ltr'>tali</span> <span class='ocrx_word' id='word_1_46' title='bbox 1383 991 1542 1054; x_wconf 88' lang='lat' dir='ltr'>ergo</span> <span class='ocrx_word' id='word_1_47' title='bbox 1617 970 1840 1033; x_wconf 83' lang='lat' dir='ltr'>studio</span> <span class='ocrx_word' id='word_1_48' title='bbox 1917 972 2316 1053; x_wconf 87' lang='lat' dir='ltr'>inquantum</span> <span class='ocrx_word' id='word_1_49' title='bbox 2395 972 2696 1054; x_wconf 89' lang='lat' dir='ltr'>prcuales</span> 
     </span>
     <span class='ocr_line' id='line_1_7' title="bbox 318 1057 2697 1134; baseline -0 -13"><span class='ocrx_word' id='word_1_50' title='bbox 318 1057 550 1121; x_wconf 85' lang='lat' dir='ltr'>Christo</span> <span class='ocrx_word' id='word_1_51' title='bbox 608 1058 974 1120; x_wconf 90' lang='lat' dir='ltr'>auxiliante</span> <span class='ocrx_word' id='word_1_52' title='bbox 1034 1057 1381 1134; x_wconf 88' lang='lat' dir='ltr'>contende,</span> <span class='ocrx_word' id='word_1_53' title='bbox 1434 1068 1507 1121; x_wconf 90' lang='lat' dir='ltr'>vt</span> <span class='ocrx_word' id='word_1_54' title='bbox 1565 1057 1845 1119; x_wconf 90' lang='lat' dir='ltr'>diuersis</span> <span class='ocrx_word' id='word_1_55' title='bbox 1907 1059 2225 1121; x_wconf 90' lang='lat' dir='ltr'>virtutum</span> <span class='ocrx_word' id='word_1_56' title='bbox 2289 1058 2697 1121; x_wconf 89' lang='lat' dir='ltr'>ornamentis</span> 
     </span>
     <span class='ocr_line' id='line_1_8' title="bbox 316 1144 2699 1227; baseline 0 -21"><span class='ocrx_word' id='word_1_57' title='bbox 316 1147 507 1207; x_wconf 81' lang='lat' dir='ltr'>anima</span> <span class='ocrx_word' id='word_1_58' title='bbox 540 1155 655 1208; x_wconf 92' lang='lat' dir='ltr'>tua</span> <span class='ocrx_word' id='word_1_59' title='bbox 686 1147 1075 1227; x_wconf 90' lang='lat' dir='ltr'>composita,</span> <span class='ocrx_word' id='word_1_60' title='bbox 1106 1144 1547 1226; x_wconf 83' lang='lat' dir='ltr'>simplicitatis</span> <span class='ocrx_word' id='word_1_61' title='bbox 1596 1145 1880 1226; x_wconf 88' lang='lat' dir='ltr'>gemmis</span> <span class='ocrx_word' id='word_1_62' title='bbox 1911 1155 1977 1207; x_wconf 89' lang='lat' dir='ltr'>et</span> <span class='ocrx_word' id='word_1_63' title='bbox 2019 1145 2396 1208; x_wconf 86' lang='lat' dir='ltr'>sobrietatis</span> <span class='ocrx_word' id='word_1_64' title='bbox 2429 1146 2699 1208; x_wconf 91' lang='lat' dir='ltr'>floribus</span> 
     </span>
     <span class='ocr_line' id='line_1_9' title="bbox 314 1231 2696 1314; baseline 0 -21"><span class='ocrx_word' id='word_1_65' title='bbox 314 1233 624 1305; x_wconf 88' lang='lat' dir='ltr'>adornata,</span> <span class='ocrx_word' id='word_1_66' title='bbox 656 1234 740 1294; x_wconf 90' lang='lat' dir='ltr'>ad</span> <span class='ocrx_word' id='word_1_67' title='bbox 774 1232 1241 1295; x_wconf 85' lang='lat' dir='ltr'>solennitatem</span> <span class='ocrx_word' id='word_1_68' title='bbox 1290 1234 1464 1314; x_wconf 87' lang='lat' dir='ltr'>regis</span> <span class='ocrx_word' id='word_1_69' title='bbox 1510 1233 1717 1294; x_wconf 90' lang='lat' dir='ltr'>eterni</span> <span class='ocrx_word' id='word_1_70' title='bbox 1753 1232 1817 1295; x_wconf 92' lang='lat' dir='ltr'>id</span> <span class='ocrx_word' id='word_1_71' title='bbox 1851 1243 1968 1308; x_wconf 91' lang='lat' dir='ltr'>est,</span> <span class='ocrx_word' id='word_1_72' title='bbox 2000 1232 2084 1294; x_wconf 92' lang='lat' dir='ltr'>ad</span> <span class='ocrx_word' id='word_1_73' title='bbox 2119 1231 2409 1296; x_wconf 91' lang='lat' dir='ltr'>natalem</span> <span class='ocrx_word' id='word_1_74' title='bbox 2443 1232 2696 1295; x_wconf 90' lang='lat' dir='ltr'>domini</span> 
     </span>
     <span class='ocr_line' id='line_1_10' title="bbox 311 1319 2701 1400; baseline 0 -20"><span class='ocrx_word' id='word_1_75' title='bbox 311 1320 634 1381; x_wconf 86' lang='lat' dir='ltr'>saluatoris</span> <span class='ocrx_word' id='word_1_76' title='bbox 695 1341 845 1383; x_wconf 93' lang='lat' dir='ltr'>cum</span> <span class='ocrx_word' id='word_1_77' title='bbox 907 1340 1135 1382; x_wconf 89' lang='lat' dir='ltr'>secura</span> <span class='ocrx_word' id='word_1_78' title='bbox 1208 1319 1613 1382; x_wconf 90' lang='lat' dir='ltr'>conscientia</span> <span class='ocrx_word' id='word_1_79' title='bbox 1689 1320 2022 1400; x_wconf 83' lang='lat' dir='ltr'>procedat.</span> <span class='ocrx_word' id='word_1_80' title='bbox 2091 1320 2396 1383; x_wconf 88' lang='lat' dir='ltr'>castitate</span> <span class='ocrx_word' id='word_1_81' title='bbox 2472 1321 2701 1394; x_wconf 89' lang='lat' dir='ltr'>nitida,</span> 
     </span>
     <span class='ocr_line' id='line_1_11' title="bbox 311 1405 2703 1488; baseline 0 -21"><span class='ocrx_word' id='word_1_82' title='bbox 311 1406 605 1468; x_wconf 87' lang='lat' dir='ltr'>charitate</span> <span class='ocrx_word' id='word_1_83' title='bbox 631 1406 999 1488; x_wconf 89' lang='lat' dir='ltr'>splendida,</span> <span class='ocrx_word' id='word_1_84' title='bbox 1019 1407 1458 1487; x_wconf 84' lang='lat' dir='ltr'>eleemosynis</span> <span class='ocrx_word' id='word_1_85' title='bbox 1483 1405 1783 1468; x_wconf 88' lang='lat' dir='ltr'>candida.</span> <span class='ocrx_word' id='word_1_86' title='bbox 1864 1406 2166 1469; x_wconf 84' lang='lat' dir='ltr'>Christus</span> <span class='ocrx_word' id='word_1_87' title='bbox 2189 1408 2363 1469; x_wconf 89' lang='lat' dir='ltr'>enim</span> <span class='ocrx_word' id='word_1_88' title='bbox 2391 1407 2703 1469; x_wconf 90' lang='lat' dir='ltr'>dominus</span> 
     </span>
     <span class='ocr_line' id='line_1_12' title="bbox 307 1490 2709 1576; baseline -0 -20"><span class='ocrx_word' id='word_1_89' title='bbox 307 1496 353 1556; x_wconf 86' lang='lat' dir='ltr'>si</span> <span class='ocrx_word' id='word_1_90' title='bbox 404 1505 463 1555; x_wconf 89' lang='lat' dir='ltr'>te</span> <span class='ocrx_word' id='word_1_91' title='bbox 523 1495 614 1556; x_wconf 92' lang='lat' dir='ltr'>ita</span> <span class='ocrx_word' id='word_1_92' title='bbox 689 1496 1133 1576; x_wconf 90' lang='lat' dir='ltr'>compositum</span> <span class='ocrx_word' id='word_1_93' title='bbox 1214 1490 1561 1556; x_wconf 75' lang='lat' dir='ltr'>nataliuml</span> <span class='ocrx_word' id='word_1_94' title='bbox 1623 1512 1816 1555; x_wconf 90' lang='lat' dir='ltr'>suum</span> <span class='ocrx_word' id='word_1_95' title='bbox 1892 1493 2221 1556; x_wconf 84' lang='lat' dir='ltr'>celebrare</span> <span class='ocrx_word' id='word_1_96' title='bbox 2296 1495 2709 1576; x_wconf 81' lang='lat' dir='ltr'>cognouerit,</span> 
     </span>
     <span class='ocr_line' id='line_1_13' title="bbox 312 1580 2700 1661; baseline 0.001 -20"><span class='ocrx_word' id='word_1_97' title='bbox 312 1583 433 1661; x_wconf 89' lang='lat' dir='ltr'>ipse</span> <span class='ocrx_word' id='word_1_98' title='bbox 482 1601 595 1661; x_wconf 90' lang='lat' dir='ltr'>per</span> <span class='ocrx_word' id='word_1_99' title='bbox 654 1602 724 1642; x_wconf 92' lang='lat' dir='ltr'>se</span> <span class='ocrx_word' id='word_1_100' title='bbox 779 1582 1016 1655; x_wconf 87' lang='lat' dir='ltr'>venire,</span> <span class='ocrx_word' id='word_1_101' title='bbox 1065 1592 1131 1643; x_wconf 95' lang='lat' dir='ltr'>et</span> <span class='ocrx_word' id='word_1_102' title='bbox 1186 1581 1478 1643; x_wconf 83' lang='lat' dir='ltr'>animam</span> <span class='ocrx_word' id='word_1_103' title='bbox 1543 1589 1726 1642; x_wconf 92' lang='lat' dir='ltr'>tuam</span> <span class='ocrx_word' id='word_1_104' title='bbox 1791 1601 1922 1642; x_wconf 87' lang='lat' dir='ltr'>non</span> <span class='ocrx_word' id='word_1_105' title='bbox 1985 1580 2202 1642; x_wconf 92' lang='lat' dir='ltr'>solum</span> <span class='ocrx_word' id='word_1_106' title='bbox 2254 1581 2537 1658; x_wconf 89' lang='lat' dir='ltr'>visitare,</span> <span class='ocrx_word' id='word_1_107' title='bbox 2586 1585 2700 1645; x_wconf 90' lang='lat' dir='ltr'>sed</span> 
     </span>
     <span class='ocr_line' id='line_1_14' title="bbox 309 1667 2710 1750; baseline 0.001 -22"><span class='ocrx_word' id='word_1_108' title='bbox 309 1668 489 1729; x_wconf 89' lang='lat' dir='ltr'>etiam</span> <span class='ocrx_word' id='word_1_109' title='bbox 540 1667 964 1750; x_wconf 89' lang='lat' dir='ltr'>requiescere,</span> <span class='ocrx_word' id='word_1_110' title='bbox 1012 1678 1076 1730; x_wconf 91' lang='lat' dir='ltr'>et</span> <span class='ocrx_word' id='word_1_111' title='bbox 1124 1669 1185 1729; x_wconf 89' lang='lat' dir='ltr'>in</span> <span class='ocrx_word' id='word_1_112' title='bbox 1238 1677 1627 1749; x_wconf 80' lang='lat' dir='ltr'>perpetuum</span> <span class='ocrx_word' id='word_1_113' title='bbox 1681 1668 1742 1727; x_wconf 91' lang='lat' dir='ltr'>in</span> <span class='ocrx_word' id='word_1_114' title='bbox 1800 1667 1908 1729; x_wconf 91' lang='lat' dir='ltr'>illa</span> <span class='ocrx_word' id='word_1_115' title='bbox 1959 1668 2341 1749; x_wconf 85' lang='lat' dir='ltr'>dignabitur</span> <span class='ocrx_word' id='word_1_116' title='bbox 2387 1668 2710 1745; x_wconf 89' lang='lat' dir='ltr'>habitare,</span> 
     </span>
     <span class='ocr_line' id='line_1_15' title="bbox 307 1752 2703 1837; baseline 0.001 -22"><span class='ocrx_word' id='word_1_117' title='bbox 307 1755 457 1817; x_wconf 84' lang='lat' dir='ltr'>sicut</span> <span class='ocrx_word' id='word_1_118' title='bbox 504 1755 823 1837; x_wconf 87' lang='lat' dir='ltr'>scriptum</span> <span class='ocrx_word' id='word_1_119' title='bbox 872 1765 990 1817; x_wconf 89' lang='lat' dir='ltr'>est.</span> <span class='ocrx_word' id='word_1_120' title='bbox 1086 1755 1175 1818; x_wconf 86' lang='lat' dir='ltr'>Et</span> <span class='ocrx_word' id='word_1_121' title='bbox 1229 1752 1573 1816; x_wconf 69' lang='lat' dir='ltr'>habitabo‘2</span> <span class='ocrx_word' id='word_1_122' title='bbox 1619 1754 1681 1814; x_wconf 87' lang='lat' dir='ltr'>in</span> <span class='ocrx_word' id='word_1_123' title='bbox 1740 1752 1882 1829; x_wconf 78' lang='lat' dir='ltr'>illis,</span> <span class='ocrx_word' id='word_1_124' title='bbox 1928 1765 1994 1816; x_wconf 92' lang='lat' dir='ltr'>et</span> <span class='ocrx_word' id='word_1_125' title='bbox 2057 1754 2502 1818; x_wconf 85' lang='lat' dir='ltr'>inambulabo.</span> <span class='ocrx_word' id='word_1_126' title='bbox 2612 1756 2703 1818; x_wconf 89' lang='lat' dir='ltr'>Et</span> 
     </span>
     <span class='ocr_line' id='line_1_16' title="bbox 307 1839 2706 1923; baseline 0 -19"><span class='ocrx_word' id='word_1_127' title='bbox 307 1844 540 1915; x_wconf 89' lang='lat' dir='ltr'>iterum,</span> <span class='ocrx_word' id='word_1_128' title='bbox 597 1842 771 1905; x_wconf 90' lang='lat' dir='ltr'>Ecce</span> <span class='ocrx_word' id='word_1_129' title='bbox 846 1851 953 1904; x_wconf 91' lang='lat' dir='ltr'>sto</span> <span class='ocrx_word' id='word_1_130' title='bbox 1013 1843 1098 1904; x_wconf 92' lang='lat' dir='ltr'>ad</span> <span class='ocrx_word' id='word_1_131' title='bbox 1160 1842 1405 1903; x_wconf 91' lang='lat' dir='ltr'>ostium</span> <span class='ocrx_word' id='word_1_132' title='bbox 1468 1854 1533 1903; x_wconf 91' lang='lat' dir='ltr'>et</span> <span class='ocrx_word' id='word_1_133' title='bbox 1598 1839 1805 1923; x_wconf 92' lang='lat' dir='ltr'>pulso,</span> <span class='ocrx_word' id='word_1_134' title='bbox 1855 1844 1906 1902; x_wconf 92' lang='lat' dir='ltr'>si</span> <span class='ocrx_word' id='word_1_135' title='bbox 1971 1844 2120 1923; x_wconf 89' lang='lat' dir='ltr'>quis</span> <span class='ocrx_word' id='word_1_136' title='bbox 2194 1841 2578 1905; x_wconf 79' lang='lat' dir='ltr'>surrexerit3</span> <span class='ocrx_word' id='word_1_137' title='bbox 2638 1852 2706 1905; x_wconf 89' lang='lat' dir='ltr'>et</span> 
     </span>
     <span class='ocr_line' id='line_1_17' title="bbox 304 1928 2708 2010; baseline 0.001 -20"><span class='ocrx_word' id='word_1_138' title='bbox 304 1930 616 2010; x_wconf 90' lang='lat' dir='ltr'>aperuerit</span> <span class='ocrx_word' id='word_1_139' title='bbox 681 1928 859 2004; x_wconf 89' lang='lat' dir='ltr'>mihi,</span> <span class='ocrx_word' id='word_1_140' title='bbox 913 1928 1176 1991; x_wconf 88' lang='lat' dir='ltr'>intrabo</span> <span class='ocrx_word' id='word_1_141' title='bbox 1239 1928 1324 1990; x_wconf 89' lang='lat' dir='ltr'>ad</span> <span class='ocrx_word' id='word_1_142' title='bbox 1386 1929 1571 1991; x_wconf 93' lang='lat' dir='ltr'>illum</span> <span class='ocrx_word' id='word_1_143' title='bbox 1637 1939 1703 1989; x_wconf 91' lang='lat' dir='ltr'>et</span> <span class='ocrx_word' id='word_1_144' title='bbox 1752 1929 2005 1991; x_wconf 88' lang='lat' dir='ltr'>cenabo</span> <span class='ocrx_word' id='word_1_145' title='bbox 2067 1950 2217 1992; x_wconf 93' lang='lat' dir='ltr'>cum</span> <span class='ocrx_word' id='word_1_146' title='bbox 2281 1929 2411 2000; x_wconf 85' lang='lat' dir='ltr'>illo,</span> <span class='ocrx_word' id='word_1_147' title='bbox 2467 1941 2530 1992; x_wconf 89' lang='lat' dir='ltr'>et</span> <span class='ocrx_word' id='word_1_148' title='bbox 2598 1929 2708 1992; x_wconf 85' lang='lat' dir='ltr'>ille</span> 
     </span>
     <span class='ocr_line' id='line_1_18' title="bbox 305 2014 2712 2098; baseline 0 -20"><span class='ocrx_word' id='word_1_149' title='bbox 305 2035 569 2078; x_wconf 90' lang='lat' dir='ltr'>mecum.</span> <span class='ocrx_word' id='word_1_150' title='bbox 681 2015 903 2098; x_wconf 80' lang='lat' dir='ltr'>Quam</span> <span class='ocrx_word' id='word_1_151' title='bbox 959 2015 1120 2077; x_wconf 84' lang='lat' dir='ltr'>felix</span> <span class='ocrx_word' id='word_1_152' title='bbox 1169 2027 1271 2078; x_wconf 92' lang='lat' dir='ltr'>est</span> <span class='ocrx_word' id='word_1_153' title='bbox 1326 2014 1438 2077; x_wconf 92' lang='lat' dir='ltr'>illa</span> <span class='ocrx_word' id='word_1_154' title='bbox 1486 2016 1710 2078; x_wconf 90' lang='lat' dir='ltr'>anima</span> <span class='ocrx_word' id='word_1_155' title='bbox 1757 2035 1887 2096; x_wconf 90' lang='lat' dir='ltr'>que</span> <span class='ocrx_word' id='word_1_156' title='bbox 1935 2017 2140 2078; x_wconf 92' lang='lat' dir='ltr'>vitam</span> <span class='ocrx_word' id='word_1_157' title='bbox 2192 2037 2379 2079; x_wconf 91' lang='lat' dir='ltr'>suam</span> <span class='ocrx_word' id='word_1_158' title='bbox 2432 2018 2524 2079; x_wconf 91' lang='lat' dir='ltr'>ita</span> <span class='ocrx_word' id='word_1_159' title='bbox 2578 2016 2712 2079; x_wconf 92' lang='lat' dir='ltr'>deo</span> 
     </span>
     <span class='ocr_line' id='line_1_19' title="bbox 301 2101 2717 2185; baseline -0 -19"><span class='ocrx_word' id='word_1_160' title='bbox 301 2101 658 2166; x_wconf 87' lang='lat' dir='ltr'>auxiliante</span> <span class='ocrx_word' id='word_1_161' title='bbox 704 2103 1029 2166; x_wconf 88' lang='lat' dir='ltr'>studuerit</span> <span class='ocrx_word' id='word_1_162' title='bbox 1073 2102 1460 2184; x_wconf 85' lang='lat' dir='ltr'>gubernare,</span> <span class='ocrx_word' id='word_1_163' title='bbox 1490 2112 1563 2165; x_wconf 91' lang='lat' dir='ltr'>vt</span> <span class='ocrx_word' id='word_1_164' title='bbox 1597 2101 1932 2166; x_wconf 90' lang='lat' dir='ltr'>Christum</span> <span class='ocrx_word' id='word_1_165' title='bbox 1965 2103 2315 2185; x_wconf 87' lang='lat' dir='ltr'>hospitem,</span> <span class='ocrx_word' id='word_1_166' title='bbox 2348 2114 2416 2167; x_wconf 90' lang='lat' dir='ltr'>et</span> <span class='ocrx_word' id='word_1_167' title='bbox 2448 2102 2717 2166; x_wconf 82' lang='lat' dir='ltr'>habita-</span> 
     </span>
     <span class='ocr_line' id='line_1_20' title="bbox 302 2189 2720 2272; baseline -0.002 -20"><span class='ocrx_word' id='word_1_168' title='bbox 302 2202 502 2252; x_wconf 92' lang='lat' dir='ltr'>torem</span> <span class='ocrx_word' id='word_1_169' title='bbox 553 2202 881 2252; x_wconf 89' lang='lat' dir='ltr'>mereatur</span> <span class='ocrx_word' id='word_1_170' title='bbox 924 2191 1251 2270; x_wconf 85' lang='lat' dir='ltr'>excipere,</span> <span class='ocrx_word' id='word_1_171' title='bbox 1283 2189 1453 2252; x_wconf 91' lang='lat' dir='ltr'>sicut</span> <span class='ocrx_word' id='word_1_172' title='bbox 1483 2209 1521 2251; x_wconf 92' lang='lat' dir='ltr'>e</span> <span class='ocrx_word' id='word_1_173' title='bbox 1551 2191 1881 2253; x_wconf 90' lang='lat' dir='ltr'>contrario</span> <span class='ocrx_word' id='word_1_174' title='bbox 1927 2210 2128 2272; x_wconf 90' lang='lat' dir='ltr'>quam</span> <span class='ocrx_word' id='word_1_175' title='bbox 2176 2189 2408 2253; x_wconf 85' lang='lat' dir='ltr'>infelix</span> <span class='ocrx_word' id='word_1_176' title='bbox 2448 2200 2550 2253; x_wconf 91' lang='lat' dir='ltr'>est</span> <span class='ocrx_word' id='word_1_177' title='bbox 2596 2190 2720 2253; x_wconf 72' lang='lat' dir='ltr'>illa.</span> 
     </span>
     <span class='ocr_line' id='line_1_21' title="bbox 301 2275 2731 2359; baseline 0 -20"><span class='ocrx_word' id='word_1_178' title='bbox 301 2278 714 2352; x_wconf 88' lang='lat' dir='ltr'>conscientia,</span> <span class='ocrx_word' id='word_1_179' title='bbox 759 2288 904 2339; x_wconf 86' lang='lat' dir='ltr'>toto</span> <span class='ocrx_word' id='word_1_180' title='bbox 952 2277 1442 2358; x_wconf 88' lang='lat' dir='ltr'>lachrymarum</span> <span class='ocrx_word' id='word_1_181' title='bbox 1498 2275 1682 2338; x_wconf 91' lang='lat' dir='ltr'>fonte</span> <span class='ocrx_word' id='word_1_182' title='bbox 1730 2276 2037 2358; x_wconf 86' lang='lat' dir='ltr'>lugenda,</span> <span class='ocrx_word' id='word_1_183' title='bbox 2081 2297 2213 2359; x_wconf 91' lang='lat' dir='ltr'>que</span> <span class='ocrx_word' id='word_1_184' title='bbox 2258 2298 2330 2340; x_wconf 92' lang='lat' dir='ltr'>se</span> <span class='ocrx_word' id='word_1_185' title='bbox 2376 2279 2468 2340; x_wconf 93' lang='lat' dir='ltr'>ita</span> <span class='ocrx_word' id='word_1_186' title='bbox 2517 2278 2731 2340; x_wconf 62' lang='lat' dir='ltr'>malis</span> 
     </span>
     <span class='ocr_line' id='line_1_22' title="bbox 299 2363 2712 2446; baseline 0 -20"><span class='ocrx_word' id='word_1_187' title='bbox 299 2364 602 2445; x_wconf 89' lang='lat' dir='ltr'>operibus</span> <span class='ocrx_word' id='word_1_188' title='bbox 677 2365 1065 2435; x_wconf 84' lang='lat' dir='ltr'>cruentauit,</span> <span class='ocrx_word' id='word_1_189' title='bbox 1128 2374 1199 2427; x_wconf 87' lang='lat' dir='ltr'>vt</span> <span class='ocrx_word' id='word_1_190' title='bbox 1260 2364 1325 2425; x_wconf 91' lang='lat' dir='ltr'>in</span> <span class='ocrx_word' id='word_1_191' title='bbox 1393 2384 1472 2425; x_wconf 90' lang='lat' dir='ltr'>ea</span> <span class='ocrx_word' id='word_1_192' title='bbox 1535 2363 1838 2428; x_wconf 88' lang='lat' dir='ltr'>Christus</span> <span class='ocrx_word' id='word_1_193' title='bbox 1903 2385 2031 2425; x_wconf 85' lang='lat' dir='ltr'>non</span> <span class='ocrx_word' id='word_1_194' title='bbox 2098 2365 2532 2446; x_wconf 70' lang='lat' dir='ltr'>requiescere⁴</span> <span class='ocrx_word' id='word_1_195' title='bbox 2589 2366 2712 2427; x_wconf 89' lang='lat' dir='ltr'>sed</span> 
     </span>
     <span class='ocr_line' id='line_1_23' title="bbox 299 2450 2714 2532; baseline 0.001 -20"><span class='ocrx_word' id='word_1_196' title='bbox 299 2451 595 2513; x_wconf 90' lang='lat' dir='ltr'>diabolus</span> <span class='ocrx_word' id='word_1_197' title='bbox 629 2451 901 2532; x_wconf 85' lang='lat' dir='ltr'>incipiat</span> <span class='ocrx_word' id='word_1_198' title='bbox 933 2451 1306 2513; x_wconf 85' lang='lat' dir='ltr'>dominari?</span> <span class='ocrx_word' id='word_1_199' title='bbox 1397 2450 1579 2512; x_wconf 87' lang='lat' dir='ltr'>Talis</span> <span class='ocrx_word' id='word_1_200' title='bbox 1603 2452 1781 2512; x_wconf 89' lang='lat' dir='ltr'>enim</span> <span class='ocrx_word' id='word_1_201' title='bbox 1815 2453 2038 2514; x_wconf 88' lang='lat' dir='ltr'>anima</span> <span class='ocrx_word' id='word_1_202' title='bbox 2064 2451 2117 2514; x_wconf 92' lang='lat' dir='ltr'>si</span> <span class='ocrx_word' id='word_1_203' title='bbox 2145 2454 2714 2516; x_wconf 87' lang='lat' dir='ltr'>medicamentum</span> 
     </span>
     <span class='ocr_line' id='line_1_24' title="bbox 298 2536 2742 2621; baseline 0.001 -22"><span class='ocrx_word' id='word_1_204' title='bbox 298 2538 683 2620; x_wconf 72' lang='lat' dir='ltr'>ponitentie⁵</span> <span class='ocrx_word' id='word_1_205' title='bbox 734 2536 894 2600; x_wconf 79' lang='lat' dir='ltr'>non⁶</span> <span class='ocrx_word' id='word_1_206' title='bbox 946 2540 1078 2600; x_wconf 91' lang='lat' dir='ltr'>cito</span> <span class='ocrx_word' id='word_1_207' title='bbox 1128 2539 1526 2614; x_wconf 89' lang='lat' dir='ltr'>subuenerit,</span> <span class='ocrx_word' id='word_1_208' title='bbox 1575 2558 1614 2599; x_wconf 92' lang='lat' dir='ltr'>a</span> <span class='ocrx_word' id='word_1_209' title='bbox 1666 2538 1807 2599; x_wconf 89' lang='lat' dir='ltr'>luce</span> <span class='ocrx_word' id='word_1_210' title='bbox 1869 2539 2272 2621; x_wconf 87' lang='lat' dir='ltr'>relinquitur,</span> <span class='ocrx_word' id='word_1_211' title='bbox 2324 2561 2364 2602; x_wconf 92' lang='lat' dir='ltr'>a</span> <span class='ocrx_word' id='word_1_212' title='bbox 2419 2540 2742 2603; x_wconf 82' lang='lat' dir='ltr'>tenebris.</span> 
     </span>
     <span class='ocr_line' id='line_1_25' title="bbox 296 2624 2744 2708; baseline 0.002 -21"><span class='ocrx_word' id='word_1_213' title='bbox 296 2636 671 2707; x_wconf 88' lang='lat' dir='ltr'>occupatur,</span> <span class='ocrx_word' id='word_1_214' title='bbox 723 2637 1041 2688; x_wconf 89' lang='lat' dir='ltr'>vacuatur</span> <span class='ocrx_word' id='word_1_215' title='bbox 1102 2624 1467 2701; x_wconf 88' lang='lat' dir='ltr'>dulcedine,</span> <span class='ocrx_word' id='word_1_216' title='bbox 1518 2627 1832 2708; x_wconf 82' lang='lat' dir='ltr'>impletur</span> <span class='ocrx_word' id='word_1_217' title='bbox 1892 2627 2348 2702; x_wconf 89' lang='lat' dir='ltr'>amaritudine,</span> <span class='ocrx_word' id='word_1_218' title='bbox 2393 2648 2433 2690; x_wconf 90' lang='lat' dir='ltr'>a</span> <span class='ocrx_word' id='word_1_219' title='bbox 2496 2637 2744 2691; x_wconf 26' lang='lat' dir='ltr'>morte*</span> 
     </span>
     <span class='ocr_line' id='line_1_26' title="bbox 297 2713 2741 2797; baseline 0.002 -23"><span class='ocrx_word' id='word_1_220' title='bbox 297 2713 643 2789; x_wconf 87' lang='lat' dir='ltr'>inuaditur,</span> <span class='ocrx_word' id='word_1_221' title='bbox 699 2734 738 2775; x_wconf 92' lang='lat' dir='ltr'>a</span> <span class='ocrx_word' id='word_1_222' title='bbox 791 2715 927 2776; x_wconf 90' lang='lat' dir='ltr'>vita</span> <span class='ocrx_word' id='word_1_223' title='bbox 990 2713 1386 2794; x_wconf 89' lang='lat' dir='ltr'>repudiatur.</span> <span class='ocrx_word' id='word_1_224' title='bbox 1502 2713 1655 2775; x_wconf 89' lang='lat' dir='ltr'>Non</span> <span class='ocrx_word' id='word_1_225' title='bbox 1712 2721 1934 2791; x_wconf 83' lang='lat' dir='ltr'>tamen</span> <span class='ocrx_word' id='word_1_226' title='bbox 1999 2713 2083 2775; x_wconf 90' lang='lat' dir='ltr'>de</span> <span class='ocrx_word' id='word_1_227' title='bbox 2143 2714 2393 2777; x_wconf 89' lang='lat' dir='ltr'>domini</span> <span class='ocrx_word' id='word_1_228' title='bbox 2460 2716 2741 2797; x_wconf 57' lang='lat' dir='ltr'>pietate&gt;</span> 
     </span>
     <span class='ocr_line' id='line_1_27' title="bbox 292 2798 2734 2885; baseline 0.002 -25"><span class='ocrx_word' id='word_1_229' title='bbox 292 2798 553 2862; x_wconf 84' lang='lat' dir='ltr'>diffidat</span> <span class='ocrx_word' id='word_1_230' title='bbox 600 2802 711 2882; x_wconf 92' lang='lat' dir='ltr'>qui</span> <span class='ocrx_word' id='word_1_231' title='bbox 759 2800 910 2863; x_wconf 92' lang='lat' dir='ltr'>talis</span> <span class='ocrx_word' id='word_1_232' title='bbox 961 2808 1079 2875; x_wconf 90' lang='lat' dir='ltr'>est,</span> <span class='ocrx_word' id='word_1_233' title='bbox 1129 2820 1250 2863; x_wconf 93' lang='lat' dir='ltr'>nec</span> <span class='ocrx_word' id='word_1_234' title='bbox 1307 2799 1642 2863; x_wconf 89' lang='lat' dir='ltr'>mortifera</span> <span class='ocrx_word' id='word_1_235' title='bbox 1692 2801 2152 2882; x_wconf 89' lang='lat' dir='ltr'>desperatione</span> <span class='ocrx_word' id='word_1_236' title='bbox 2201 2801 2557 2885; x_wconf 87' lang='lat' dir='ltr'>frangatur,</span> <span class='ocrx_word' id='word_1_237' title='bbox 2590 2803 2734 2866; x_wconf 87' lang='lat' dir='ltr'>sed&#39;</span> 
     </span>
     <span class='ocr_line' id='line_1_28' title="bbox 295 2886 2710 2968; baseline 0.002 -20"><span class='ocrx_word' id='word_1_238' title='bbox 295 2888 509 2968; x_wconf 87' lang='lat' dir='ltr'>magis</span> <span class='ocrx_word' id='word_1_239' title='bbox 555 2886 639 2949; x_wconf 92' lang='lat' dir='ltr'>ad</span> <span class='ocrx_word' id='word_1_240' title='bbox 690 2888 1127 2967; x_wconf 89' lang='lat' dir='ltr'>penitentiam</span> <span class='ocrx_word' id='word_1_241' title='bbox 1174 2887 1307 2950; x_wconf 89' lang='lat' dir='ltr'>cito</span> <span class='ocrx_word' id='word_1_242' title='bbox 1355 2886 1579 2966; x_wconf 76' lang='lat' dir='ltr'>fugiat,</span> <span class='ocrx_word' id='word_1_243' title='bbox 1626 2897 1696 2950; x_wconf 89' lang='lat' dir='ltr'>et</span> <span class='ocrx_word' id='word_1_244' title='bbox 1743 2886 1903 2949; x_wconf 93' lang='lat' dir='ltr'>dum</span> <span class='ocrx_word' id='word_1_245' title='bbox 1951 2887 2169 2951; x_wconf 89' lang='lat' dir='ltr'>adhuc</span> <span class='ocrx_word' id='word_1_246' title='bbox 2217 2909 2393 2952; x_wconf 91' lang='lat' dir='ltr'>noua</span> <span class='ocrx_word' id='word_1_247' title='bbox 2439 2901 2594 2954; x_wconf 90' lang='lat' dir='ltr'>sunt</span> <span class='ocrx_word' id='word_1_248' title='bbox 2642 2900 2710 2954; x_wconf 87' lang='lat' dir='ltr'>et</span> 
     </span>
     <span class='ocr_line' id='line_1_29' title="bbox 288 2974 2710 3055; baseline 0.002 -20"><span class='ocrx_word' id='word_1_249' title='bbox 288 2974 511 3036; x_wconf 90' lang='lat' dir='ltr'>calent</span> <span class='ocrx_word' id='word_1_250' title='bbox 545 2983 966 3055; x_wconf 89' lang='lat' dir='ltr'>peccatorum</span> <span class='ocrx_word' id='word_1_251' title='bbox 1000 2994 1267 3037; x_wconf 90' lang='lat' dir='ltr'>suorum</span> <span class='ocrx_word' id='word_1_252' title='bbox 1293 2974 1582 3049; x_wconf 86' lang='lat' dir='ltr'>vulnera,</span> <span class='ocrx_word' id='word_1_253' title='bbox 1605 2975 1696 3036; x_wconf 92' lang='lat' dir='ltr'>sic</span> <span class='ocrx_word' id='word_1_254' title='bbox 1722 2974 1841 3036; x_wconf 91' lang='lat' dir='ltr'>sibi</span> <span class='ocrx_word' id='word_1_255' title='bbox 1874 2974 2189 3038; x_wconf 90' lang='lat' dir='ltr'>adhibeat</span> <span class='ocrx_word' id='word_1_256' title='bbox 2220 2976 2710 3040; x_wconf 89' lang='lat' dir='ltr'>medicamenta</span> 
     </span>
     <span class='ocr_line' id='line_1_30' title="bbox 288 3061 2709 3143; baseline 0.001 -20"><span class='ocrx_word' id='word_1_257' title='bbox 288 3061 597 3137; x_wconf 84' lang='lat' dir='ltr'>salubria,</span> <span class='ocrx_word' id='word_1_258' title='bbox 648 3062 802 3143; x_wconf 90' lang='lat' dir='ltr'>quia</span> <span class='ocrx_word' id='word_1_259' title='bbox 851 3062 1146 3124; x_wconf 90' lang='lat' dir='ltr'>medicus</span> <span class='ocrx_word' id='word_1_260' title='bbox 1200 3070 1425 3125; x_wconf 90' lang='lat' dir='ltr'>noster</span> <span class='ocrx_word' id='word_1_261' title='bbox 1476 3062 1902 3141; x_wconf 90' lang='lat' dir='ltr'>omnipotens</span> <span class='ocrx_word' id='word_1_262' title='bbox 1948 3073 2067 3137; x_wconf 89' lang='lat' dir='ltr'>est,</span> <span class='ocrx_word' id='word_1_263' title='bbox 2111 3073 2179 3126; x_wconf 90' lang='lat' dir='ltr'>et</span> <span class='ocrx_word' id='word_1_264' title='bbox 2224 3064 2315 3124; x_wconf 91' lang='lat' dir='ltr'>sic</span> <span class='ocrx_word' id='word_1_265' title='bbox 2362 3066 2709 3126; x_wconf 91' lang='lat' dir='ltr'>consueuit</span> 
     </span>
    </p>
   </div>
   <div class='ocr_carea' id='block_1_4' title="bbox 284 3148 2715 3316">
    <p class='ocr_par' dir='ltr' id='par_1_4' title="bbox 284 3148 2715 3316">
     <span class='ocr_line' id='line_1_31' title="bbox 286 3148 2713 3232; baseline 0.001 -22"><span class='ocrx_word' id='word_1_266' title='bbox 286 3150 529 3231; x_wconf 70' lang='lat' dir='ltr'>plagas</span> <span class='ocrx_word' id='word_1_267' title='bbox 575 3159 833 3212; x_wconf 87' lang='lat' dir='ltr'>nostras</span> <span class='ocrx_word' id='word_1_268' title='bbox 884 3168 1124 3221; x_wconf 90' lang='lat' dir='ltr'>curare,</span> <span class='ocrx_word' id='word_1_269' title='bbox 1179 3159 1250 3210; x_wconf 90' lang='lat' dir='ltr'>vt</span> <span class='ocrx_word' id='word_1_270' title='bbox 1301 3168 1420 3210; x_wconf 89' lang='lat' dir='ltr'>nec</span> <span class='ocrx_word' id='word_1_271' title='bbox 1474 3148 1850 3210; x_wconf 89' lang='lat' dir='ltr'>cicatricum</span> <span class='ocrx_word' id='word_1_272' title='bbox 1901 3149 2252 3230; x_wconf 86' lang='lat' dir='ltr'>vestigium</span> <span class='ocrx_word' id='word_1_273' title='bbox 2305 3160 2457 3232; x_wconf 92' lang='lat' dir='ltr'>post</span> <span class='ocrx_word' id='word_1_274' title='bbox 2506 3151 2713 3231; x_wconf 90' lang='lat' dir='ltr'>ipsius</span> 
     </span>
     <span class='ocr_line' id='line_1_32' title="bbox 284 3234 2715 3316; baseline 0 -18"><span class='ocrx_word' id='word_1_275' title='bbox 284 3236 737 3298; x_wconf 89' lang='lat' dir='ltr'>medicamina</span> <span class='ocrx_word' id='word_1_276' title='bbox 791 3244 1144 3298; x_wconf 90' lang='lat' dir='ltr'>remaneat.</span> <span class='ocrx_word' id='word_1_277' title='bbox 1242 3234 1404 3296; x_wconf 93' lang='lat' dir='ltr'>Ideo</span> <span class='ocrx_word' id='word_1_278' title='bbox 1434 3235 1633 3296; x_wconf 91' lang='lat' dir='ltr'>etiam</span> <span class='ocrx_word' id='word_1_279' title='bbox 1670 3235 1755 3295; x_wconf 93' lang='lat' dir='ltr'>ab</span> <span class='ocrx_word' id='word_1_280' title='bbox 1787 3236 1968 3296; x_wconf 89' lang='lat' dir='ltr'>omni</span> <span class='ocrx_word' id='word_1_281' title='bbox 2002 3236 2507 3316; x_wconf 90' lang='lat' dir='ltr'>inquinamento</span> <span class='ocrx_word' id='word_1_282' title='bbox 2552 3247 2715 3300; x_wconf 84' lang='lat' dir='ltr'>ante</span> 
     </span>
    </p>
   </div>
   <div class='ocr_carea' id='block_1_5' title="bbox 269 3320 2721 3754">
    <p class='ocr_par' dir='ltr' id='par_1_5' title="bbox 269 3320 2721 3754">
     <span class='ocr_line' id='line_1_33' title="bbox 281 3320 2717 3407; baseline 0.001 -23"><span class='ocrx_word' id='word_1_283' title='bbox 281 3325 433 3384; x_wconf 82' lang='lat' dir='ltr'>eius</span> <span class='ocrx_word' id='word_1_284' title='bbox 486 3322 774 3385; x_wconf 87' lang='lat' dir='ltr'>natalem</span> <span class='ocrx_word' id='word_1_285' title='bbox 829 3320 1053 3385; x_wconf 86' lang='lat' dir='ltr'>multis</span> <span class='ocrx_word' id='word_1_286' title='bbox 1101 3321 1333 3383; x_wconf 89' lang='lat' dir='ltr'>diebus</span> <span class='ocrx_word' id='word_1_287' title='bbox 1382 3320 1712 3382; x_wconf 90' lang='lat' dir='ltr'>abstinere</span> <span class='ocrx_word' id='word_1_288' title='bbox 1767 3322 2039 3385; x_wconf 70' lang='lat' dir='ltr'>debetis</span> <span class='ocrx_word' id='word_1_289' title='bbox 2161 3322 2717 3407; x_wconf 80' lang='lat' dir='ltr'>Quotiescunque</span> 
     </span>
     <span class='ocr_line' id='line_1_34' title="bbox 276 3406 2721 3492; baseline 0.002 -21"><span class='ocrx_word' id='word_1_290' title='bbox 276 3406 431 3471; x_wconf 72' lang='lat' dir='ltr'>aut7</span> <span class='ocrx_word' id='word_1_291' title='bbox 454 3408 744 3471; x_wconf 91' lang='lat' dir='ltr'>natalem</span> <span class='ocrx_word' id='word_1_292' title='bbox 771 3410 1043 3483; x_wconf 90' lang='lat' dir='ltr'>domini,</span> <span class='ocrx_word' id='word_1_293' title='bbox 1063 3419 1177 3470; x_wconf 89' lang='lat' dir='ltr'>aut</span> <span class='ocrx_word' id='word_1_294' title='bbox 1203 3407 1484 3488; x_wconf 83' lang='lat' dir='ltr'>reliquas</span> <span class='ocrx_word' id='word_1_295' title='bbox 1517 3406 1948 3470; x_wconf 89' lang='lat' dir='ltr'>solennitates</span> <span class='ocrx_word' id='word_1_296' title='bbox 1979 3408 2309 3472; x_wconf 89' lang='lat' dir='ltr'>celebrare</span> <span class='ocrx_word' id='word_1_297' title='bbox 2341 3410 2721 3492; x_wconf 67' lang='lat' dir='ltr'>disponitiS,</span> 
     </span>
     <span class='ocr_line' id='line_1_35' title="bbox 274 3494 2719 3576; baseline 0.003 -19"><span class='ocrx_word' id='word_1_298' title='bbox 274 3497 683 3557; x_wconf 86' lang='lat' dir='ltr'>ebrietatem</span> <span class='ocrx_word' id='word_1_299' title='bbox 717 3506 872 3558; x_wconf 88' lang='lat' dir='ltr'>ante</span> <span class='ocrx_word' id='word_1_300' title='bbox 904 3496 1128 3557; x_wconf 92' lang='lat' dir='ltr'>omnia</span> <span class='ocrx_word' id='word_1_301' title='bbox 1161 3494 1384 3575; x_wconf 86' lang='lat' dir='ltr'>fugite,</span> <span class='ocrx_word' id='word_1_302' title='bbox 1410 3495 1745 3557; x_wconf 88' lang='lat' dir='ltr'>iracundie</span> <span class='ocrx_word' id='word_1_303' title='bbox 1778 3497 1965 3576; x_wconf 89' lang='lat' dir='ltr'>quasi</span> <span class='ocrx_word' id='word_1_304' title='bbox 1999 3496 2206 3559; x_wconf 89' lang='lat' dir='ltr'>bestie</span> <span class='ocrx_word' id='word_1_305' title='bbox 2238 3499 2719 3575; x_wconf 86' lang='lat' dir='ltr'>crudelissime,.</span> 
     </span>
     <span class='ocr_line' id='line_1_36' title="bbox 274 3581 2721 3665; baseline 0.002 -20"><span class='ocrx_word' id='word_1_306' title='bbox 274 3592 680 3665; x_wconf 86' lang='lat' dir='ltr'>repugnate,</span> <span class='ocrx_word' id='word_1_307' title='bbox 739 3583 966 3645; x_wconf 92' lang='lat' dir='ltr'>odium</span> <span class='ocrx_word' id='word_1_308' title='bbox 1029 3581 1209 3643; x_wconf 92' lang='lat' dir='ltr'>velut</span> <span class='ocrx_word' id='word_1_309' title='bbox 1255 3601 1584 3644; x_wconf 90' lang='lat' dir='ltr'>venenum</span> <span class='ocrx_word' id='word_1_310' title='bbox 1643 3582 2050 3644; x_wconf 90' lang='lat' dir='ltr'>mortiferum</span> <span class='ocrx_word' id='word_1_311' title='bbox 2108 3583 2192 3645; x_wconf 91' lang='lat' dir='ltr'>de</span> <span class='ocrx_word' id='word_1_312' title='bbox 2242 3586 2440 3647; x_wconf 92' lang='lat' dir='ltr'>corde</span> <span class='ocrx_word' id='word_1_313' title='bbox 2489 3597 2721 3650; x_wconf 78' lang='lat' dir='ltr'>vestro</span> 
     </span>
     <span class='ocr_line' id='line_1_37' title="bbox 269 3668 2706 3754; baseline 0.001 -22"><span class='ocrx_word' id='word_1_314' title='bbox 269 3669 608 3751; x_wconf 88' lang='lat' dir='ltr'>repellite,</span> <span class='ocrx_word' id='word_1_315' title='bbox 639 3678 705 3731; x_wconf 89' lang='lat' dir='ltr'>et</span> <span class='ocrx_word' id='word_1_316' title='bbox 760 3678 947 3731; x_wconf 92' lang='lat' dir='ltr'>tanta</span> <span class='ocrx_word' id='word_1_317' title='bbox 996 3669 1079 3731; x_wconf 91' lang='lat' dir='ltr'>sit</span> <span class='ocrx_word' id='word_1_318' title='bbox 1127 3669 1190 3729; x_wconf 92' lang='lat' dir='ltr'>in</span> <span class='ocrx_word' id='word_1_319' title='bbox 1219 3668 1404 3731; x_wconf 91' lang='lat' dir='ltr'>vobis</span> <span class='ocrx_word' id='word_1_320' title='bbox 1452 3668 1738 3731; x_wconf 90' lang='lat' dir='ltr'>charitas</span> <span class='ocrx_word' id='word_1_321' title='bbox 1769 3689 1899 3749; x_wconf 93' lang='lat' dir='ltr'>que</span> <span class='ocrx_word' id='word_1_322' title='bbox 1947 3690 2078 3731; x_wconf 85' lang='lat' dir='ltr'>non</span> <span class='ocrx_word' id='word_1_323' title='bbox 2133 3672 2346 3733; x_wconf 91' lang='lat' dir='ltr'>solum</span> <span class='ocrx_word' id='word_1_324' title='bbox 2381 3694 2588 3754; x_wconf 89' lang='lat' dir='ltr'>vsque</span> <span class='ocrx_word' id='word_1_325' title='bbox 2620 3675 2706 3736; x_wconf 92' lang='lat' dir='ltr'>ad</span> 
     </span>
    </p>
   </div>
   <div class='ocr_carea' id='block_1_6' title="bbox 262 3756 2714 3927">
    <p class='ocr_par' dir='ltr' id='par_1_6' title="bbox 262 3756 2714 3927">
     <span class='ocr_line' id='line_1_38' title="bbox 264 3756 2714 3837; baseline 0.002 -18"><span class='ocrx_word' id='word_1_326' title='bbox 264 3758 560 3830; x_wconf 55' lang='lat' dir='ltr'>amicos</span> <span class='ocrx_word' id='word_1_327' title='bbox 595 3756 710 3819; x_wconf 88' lang='lat' dir='ltr'>sed</span> <span class='ocrx_word' id='word_1_328' title='bbox 761 3757 962 3819; x_wconf 90' lang='lat' dir='ltr'>etiam</span> <span class='ocrx_word' id='word_1_329' title='bbox 997 3776 1203 3836; x_wconf 91' lang='lat' dir='ltr'>vsque</span> <span class='ocrx_word' id='word_1_330' title='bbox 1252 3758 1333 3817; x_wconf 91' lang='lat' dir='ltr'>ad</span> <span class='ocrx_word' id='word_1_331' title='bbox 1391 3757 1570 3837; x_wconf 91' lang='lat' dir='ltr'>ipsos</span> <span class='ocrx_word' id='word_1_332' title='bbox 1620 3756 1962 3837; x_wconf 89' lang='lat' dir='ltr'>perueniat</span> <span class='ocrx_word' id='word_1_333' title='bbox 2013 3758 2331 3831; x_wconf 78' lang='lat' dir='ltr'>inimicOS,</span> <span class='ocrx_word' id='word_1_334' title='bbox 2365 3770 2436 3822; x_wconf 92' lang='lat' dir='ltr'>vt</span> <span class='ocrx_word' id='word_1_335' title='bbox 2482 3781 2714 3823; x_wconf 83' lang='lat' dir='ltr'>secure</span> 
     </span>
     <span class='ocr_line' id='line_1_39' title="bbox 262 3843 2714 3927; baseline 0 -21"><span class='ocrx_word' id='word_1_336' title='bbox 262 3846 561 3927; x_wconf 85' lang='lat' dir='ltr'>possitis</span> <span class='ocrx_word' id='word_1_337' title='bbox 621 3843 835 3906; x_wconf 88' lang='lat' dir='ltr'>dicere</span> <span class='ocrx_word' id='word_1_338' title='bbox 899 3844 964 3905; x_wconf 92' lang='lat' dir='ltr'>in</span> <span class='ocrx_word' id='word_1_339' title='bbox 1028 3844 1326 3905; x_wconf 91' lang='lat' dir='ltr'>oratione</span> <span class='ocrx_word' id='word_1_340' title='bbox 1387 3843 1735 3905; x_wconf 90' lang='lat' dir='ltr'>dominica.</span> <span class='ocrx_word' id='word_1_341' title='bbox 1859 3843 2138 3906; x_wconf 89' lang='lat' dir='ltr'>Dimitte</span> <span class='ocrx_word' id='word_1_342' title='bbox 2215 3847 2405 3908; x_wconf 90' lang='lat' dir='ltr'>nobis</span> <span class='ocrx_word' id='word_1_343' title='bbox 2483 3847 2714 3910; x_wconf 87' lang='lat' dir='ltr'>debita.</span> 
     </span>
    </p>
   </div>
   <div class='ocr_carea' id='block_1_7' title="bbox 260 3929 2712 4277">
    <p class='ocr_par' dir='ltr' id='par_1_7' title="bbox 260 3929 2712 4277">
     <span class='ocr_line' id='line_1_40' title="bbox 260 3929 2145 4021; baseline -0.001 -28"><span class='ocrx_word' id='word_1_344' title='bbox 260 3945 537 4007; x_wconf 86' lang='lat' dir='ltr'>nostra,</span> <span class='ocrx_word' id='word_1_345' title='bbox 571 3933 739 3993; x_wconf 90' lang='lat' dir='ltr'>sicut</span> <span class='ocrx_word' id='word_1_346' title='bbox 772 3941 839 3993; x_wconf 87' lang='lat' dir='ltr'>et</span> <span class='ocrx_word' id='word_1_347' title='bbox 871 3950 993 3992; x_wconf 91' lang='lat' dir='ltr'>nos</span> <span class='ocrx_word' id='word_1_348' title='bbox 1023 3929 1420 3992; x_wconf 86' lang='lat' dir='ltr'>dimittimus</span> <span class='ocrx_word' id='word_1_349' title='bbox 1451 3929 1857 3992; x_wconf 90' lang='lat' dir='ltr'>debitoribus</span> <span class='ocrx_word' id='word_1_350' title='bbox 1888 3931 2145 4021; x_wconf 88' lang='lat' dir='ltr'>nostris.</span> 
     </span>
     <span class='ocr_line' id='line_1_41' title="bbox 856 4039 2124 4123; baseline 0.002 -20"><span class='ocrx_word' id='word_1_351' title='bbox 856 4042 1056 4104; x_wconf 81' lang='lat' dir='ltr'>Ferz&#39;a</span> <span class='ocrx_word' id='word_1_352' title='bbox 1088 4042 1187 4105; x_wconf 56' lang='grc' dir='ltr'><em>ευτ’.</em></span> <span class='ocrx_word' id='word_1_353' title='bbox 1220 4062 1297 4104; x_wconf 75' lang='lat' dir='ltr'>ex</span> <span class='ocrx_word' id='word_1_354' title='bbox 1323 4039 1555 4103; x_wconf 64' lang='lat' dir='ltr'>Isaiaf’</span> <span class='ocrx_word' id='word_1_355' title='bbox 1642 4040 1863 4104; x_wconf 84' lang='lat' dir='ltr'>Lectio</span> <span class='ocrx_word' id='word_1_356' title='bbox 1879 4044 2124 4123; x_wconf 83' lang='lat' dir='ltr'>prima.</span> 
     </span>
     <span class='ocr_line' id='line_1_42' title="bbox 267 4143 2712 4277; baseline 0.001 -67"><span class='ocrx_word' id='word_1_357' title='bbox 267 4148 494 4277; x_wconf 78' lang='lat' dir='ltr'>ET</span> <span class='ocrx_word' id='word_1_358' title='bbox 556 4147 930 4228; x_wconf 86' lang='lat' dir='ltr'>egredietur</span> <span class='ocrx_word' id='word_1_359' title='bbox 982 4145 1165 4227; x_wconf 88' lang='lat' dir='ltr'>virga</span> <span class='ocrx_word' id='word_1_360' title='bbox 1238 4143 1322 4206; x_wconf 91' lang='lat' dir='ltr'>de</span> <span class='ocrx_word' id='word_1_361' title='bbox 1400 4145 1618 4207; x_wconf 88' lang='lat' dir='ltr'>radice</span> <span class='ocrx_word' id='word_1_362' title='bbox 1685 4145 1862 4207; x_wconf 91' lang='lat' dir='ltr'>Iesse</span> <span class='ocrx_word' id='word_1_363' title='bbox 2083 4149 2500 4228; x_wconf 85' lang='lat' dir='ltr'>sepulchrum</span> <span class='ocrx_word' id='word_1_364' title='bbox 2566 4151 2712 4214; x_wconf 88' lang='lat' dir='ltr'>eius</span> 
     </span>
    </p>
   </div>
   <div class='ocr_carea' id='block_1_8' title="bbox 367 4234 2379 4604">
    <p class='ocr_par' dir='ltr' id='par_1_8' title="bbox 367 4234 2379 4604">
     <span class='ocr_line' id='line_1_43' title="bbox 513 4234 840 4296; baseline -0.003 0"><span class='ocrx_word' id='word_1_365' title='bbox 513 4234 840 4296; x_wconf 88' lang='lat' dir='ltr'>loriosum.</span> 
     </span>
     <span class='ocr_line' id='line_1_44' title="bbox 378 4256 2243 4417; baseline -0.001 -22"><span class='ocrx_word' id='word_1_366' title='bbox 378 4349 389 4373; x_wconf 85' lang='lat'><strong>¹</strong></span> <span class='ocrx_word' id='word_1_367' title='bbox 437 4256 763 4395; x_wconf 76' lang='lat' dir='ltr'>ngatalitlum:</span> <span class='ocrx_word' id='word_1_368' title='bbox 802 4342 879 4407; x_wconf 86' lang='lat'>38.</span> <span class='ocrx_word' id='word_1_369' title='bbox 910 4352 1004 4393; x_wconf 88' lang='lat' dir='ltr'>etc.</span> <span class='ocrx_word' id='word_1_370' title='bbox 1627 4340 1650 4370; x_wconf 75' lang='lat'><strong>²</strong></span> <span class='ocrx_word' id='word_1_371' title='bbox 1682 4342 2005 4417; x_wconf 80' lang='lat' dir='ltr'>inhabitabo:</span> <span class='ocrx_word' id='word_1_372' title='bbox 2043 4345 2121 4407; x_wconf 88' lang='lat'>38.</span> <span class='ocrx_word' id='word_1_373' title='bbox 2151 4354 2243 4395; x_wconf 88' lang='lat' dir='ltr'>etc.</span> 
     </span>
     <span class='ocr_line' id='line_1_45' title="bbox 367 4405 2154 4540; baseline -0.001 -16"><span class='ocrx_word' id='word_1_374' title='bbox 367 4412 399 4505; x_wconf 69' lang='grc' dir='ltr'>ἓῖ</span> <span class='ocrx_word' id='word_1_375' title='bbox 435 4409 1035 4540; x_wconf 47' lang='grc' dir='ltr'>Ἠῗῗωῷἑῃῗὲέῃσαει</span> <span class='ocrx_word' id='word_1_376' title='bbox 1073 4456 1148 4535; x_wconf 75' lang='lat'>38.</span> <span class='ocrx_word' id='word_1_377' title='bbox 1627 4405 1649 4500; x_wconf 65' lang='grc' dir='ltr'>«ἶ</span> <span class='ocrx_word' id='word_1_378' title='bbox 1681 4418 2038 4537; x_wconf 56' lang='grc' dir='ltr'>ἑῗῗῖῗιῖῗέῗῖ</span> <span class='ocrx_word' id='word_1_379' title='bbox 2075 4409 2154 4459; x_wconf 79' lang='lat'>⁶⁶·</span> 
     </span>
     <span class='ocr_line' id='line_1_46' title="bbox 368 4536 2379 4604; baseline 0.009 -31"><span class='ocrx_word' id='word_1_380' title='bbox 368 4543 398 4573; x_wconf 74' lang='grc' dir='ltr'><strong><em>τ</em></strong></span> <span class='ocrx_word' id='word_1_381' title='bbox 435 4550 651 4591; x_wconf 57' lang='lat' dir='ltr'>autem:</span> <span class='ocrx_word' id='word_1_382' title='bbox 688 4539 767 4603; x_wconf 73' lang='grc'>63,</span> <span class='ocrx_word' id='word_1_383' title='bbox 797 4539 875 4588; x_wconf 78' lang='grc'>66,</span> <span class='ocrx_word' id='word_1_384' title='bbox 1629 4536 1651 4565; x_wconf 79' lang='lat'>⁸</span> <span class='ocrx_word' id='word_1_385' title='bbox 1685 4536 1772 4587; x_wconf 85' lang='lat' dir='ltr'>Ca.</span> <span class='ocrx_word' id='word_1_386' title='bbox 1810 4551 1881 4587; x_wconf 88' lang='lat'>11.</span> <span class='ocrx_word' id='word_1_387' title='bbox 1913 4540 1969 4587; x_wconf 77' lang='lat' dir='ltr'>in</span> <span class='ocrx_word' id='word_1_388' title='bbox 1994 4557 2059 4589; x_wconf 85' lang='lat' dir='ltr'>m.</span> <span class='ocrx_word' id='word_1_389' title='bbox 2089 4540 2175 4600; x_wconf 85' lang='lat' dir='ltr'>[xi.</span> <span class='ocrx_word' id='word_1_390' title='bbox 2214 4544 2379 4604; x_wconf 83' lang='lat'>1-10.]</span> 
     </span>
    </p>
   </div>
   <div class='ocr_carea' id='block_1_9' title="bbox 362 4618 2448 4673">
    <p class='ocr_par' dir='ltr' id='par_1_9' title="bbox 362 4618 2448 4673">
     <span class='ocr_line' id='line_1_47' title="bbox 362 4618 2448 4673; baseline -0.012 0"><span class='ocrx_word' id='word_1_391' title='bbox 362 4625 434 4673; x_wconf 82' lang='lat' dir='ltr'>B.</span> <span class='ocrx_word' id='word_1_392' title='bbox 477 4622 546 4669; x_wconf 85' lang='lat' dir='ltr'>R.</span> <span class='ocrx_word' id='word_1_393' title='bbox 583 4621 651 4669; x_wconf 75' lang='lat' dir='ltr'>N.</span> <span class='ocrx_word' id='word_1_394' title='bbox 1519 4618 1527 4627; x_wconf 92' lang='lat'><strong>·</strong></span> <span class='ocrx_word' id='word_1_395' title='bbox 2401 4624 2448 4672; x_wconf 62' lang='grc' dir='ltr'>Ε</span> 
     </span>
    </p>
   </div>
  </div>
 </body>
</html>
