3293 5225
356 435 477 484 101..
517 434 627 496 22]
1085 433 1138 482 S.
1176 432 1423 481 MARJA
1449 431 1947 481 MAGDALENA.
2673 439 2767 494 305

355 588 604 650 tatibus
637 585 1052 662 inseruiebat,
1083 594 1154 647 vt
1201 585 1447 649 multos
1495 594 1873 648 sanctorum
1929 603 2293 667 pauperum
2344 584 2479 646 suis
2531 583 2768 666 opibus

351 674 576 749 aleret,
607 674 883 737 aliorum
934 672 1437 735 necessitatibus
1467 672 1689 754 quoad
1725 682 1988 754 poterat
2018 671 2413 753 prouideret.
2506 670 2768 734 Exorta

352 782 509 824 vero
536 761 1057 825 Christianorum
1086 759 1209 822 sub
1235 759 1468 822 Marco
1490 760 1840 822 Antonino
1868 761 2264 841 imperatore
2290 758 2764 840 persecutione,

350 860 716 911 exestuans
767 849 956 931 virgo
987 849 1183 910 beata
1235 867 1368 910 non
1423 846 1680 910 destitit
1713 846 1940 909 fideles
1992 847 2176 908 omni
2220 847 2474 908 ratione
2524 844 2765 907 fouere.

359 936 596 1017 Itaque
628 935 790 998 alios
821 934 1004 997 domi
1059 934 1437 996 occultabat
1489 932 1639 1014 alijs
1692 934 2061 996 necessaria
2113 931 2565 1006 submittebat,
2600 931 2767 994 alios

352 1024 438 1085 ad
475 1021 626 1085 fidei
659 1023 1099 1085 constantiam
1134 1021 1541 1084 hortabatur.
1632 1020 2005 1101 Martyrum
2047 1038 2324 1102 corpora
2357 1019 2522 1081 mira
2551 1018 2766 1081 solici-

353 1110 585 1173 tudine
610 1108 887 1172 collecta
909 1107 1286 1191 sepeliebat.
1379 1108 1671 1171 Tantam
1706 1108 1905 1188 igitur
1925 1106 2445 1170 Christianorum
2472 1114 2765 1187 stragem

354 1216 505 1259 cum
560 1197 701 1258 sine
750 1216 1014 1258 summo
1062 1196 1289 1258 dolore
1337 1195 1500 1258 serre
1555 1215 1688 1257 non
1743 1203 1988 1276 posset,
2020 1203 2286 1276 precata
2340 1194 2541 1256 deum
2575 1203 2646 1256 vt
2694 1213 2766 1256 se

352 1283 558 1346 tantis
609 1303 646 1344 e
709 1284 901 1345 malis
948 1283 1228 1364 eriperet
1288 1281 1608 1344 exaudita
1679 1292 1799 1357 est,
1849 1282 1941 1344 Et
2001 1280 2263 1362 egregie
2323 1300 2439 1342 sue
2501 1279 2767 1362 pietatis

355 1381 557 1452 atque
647 1369 947 1432 laborum
1024 1371 1276 1447 premia
1361 1378 1768 1451 perceptura,
1845 1368 2156 1450 migrauit
2231 1368 2315 1429 ad
2395 1367 2764 1429 Dominum

353 1457 753 1519 duodecimo
813 1456 1124 1519 calendas
1179 1456 1488 1538 Augusti.
1579 1455 1786 1520 Cuius
1833 1476 2071 1537 corpus
2136 1455 2370 1518 Pastor
2422 1453 2770 1536 presbyter

351 1545 542 1606 iuxta
606 1554 862 1626 patrem
926 1554 992 1605 et
1053 1563 1342 1606 sororem
1401 1543 1885 1617 Potentianam,
1938 1543 2003 1604 in
2066 1541 2420 1605 cemeterio
2475 1539 2767 1603 Priscille

350 1631 456 1693 via
492 1630 748 1694 Salaria
777 1629 1099 1712 sepeliuit.

905 1765 972 1834 (I
1015 1758 1255 1822 Maria
1285 1758 1378 1820 M
1371 1757 1694 1840 agdalena
1724 1758 1959 1840 duplex
1984 1757 2205 1820 minus
2224 1779 2247 1819 .·

1131 1871 1193 1933 A
1204 1871 1257 1933 cl
1280 1881 1589 1952 vesperas.
1681 1870 2011 1953 Hymnus.

517 1985 689 2047 Ardi
753 1984 968 2047 Maria
1031 1984 1248 2066 pistici
1312 1981 1617 2065 Sumpsit
1681 1982 1915 2044 libram
1989 2001 2150 2043 mox
2227 1980 2483 2062 optimi,
2544 1978 2765 2041 anit

545 2072 775 2135 beatos
809 2071 1106 2147 Domini,
1140 2071 1349 2134 Pedes
1381 2069 1663 2152 rigando
1695 2068 2071 2149 lachrymis,

487 2159 744 2234 Honor,
804 2161 1022 2234 decus„
1089 2158 1460 2240 imperium,
1521 2156 1626 2221 Sit
1688 2156 1968 2218 trinitati
2031 2153 2237 2231 vnice,
2302 2154 2500 2230 Patri,
2562 2162 2763 2217 nato:

350 2247 710 2326 paraclet0,
748 2246 871 2308 Per
900 2244 1158 2308 infinita
1190 2244 1429 2307 secula.
1519 2244 1764 2306 Amen.

480 2333 877 2414 Anttplzona.
971 2333 1185 2395 Maria
1217 2333 1411 2394 vnxit
1432 2331 1637 2413 pedes
1665 2331 1814 2393 Iesu
1846 2352 1858 2391 :
1906 2339 1974 2391 et
1997 2327 2277 2391 extersit
2301 2326 2558 2409 capillis
2591 2329 2725 2391 suis
2751 2351 2765 2390 :

347 2427 418 2481 et
450 2419 690 2482 domus
724 2420 1000 2502 impleta
1032 2429 1135 2481 est
1165 2439 1252 2481 ex
1287 2419 1490 2481 odore
1522 2417 1863 2499 vnguenti.

1444 2570 1690 2636 Gratia.

364 2684 653 2813 BEate
717 2685 930 2748 Marie
994 2685 1398 2765 Magdalene
1458 2703 1825 2766 quesumus
1870 2682 2144 2744 domine
2191 2680 2526 2763 suffragijs
2573 2680 2761 2744 adiu-

507 2792 758 2844 uemnr,
821 2775 1007 2835 cuius
1069 2773 1373 2854 precibus
1449 2779 1813 2834 exoratus:
1889 2769 2409 2851 quatriduanum
2488 2768 2760 2831 fratrem

348 2859 579 2921 viuum
612 2859 699 2921 ab
733 2858 956 2922 inseris
989 2856 1457 2923 resuscitastil:
1505 2859 1619 2939 qui
1650 2858 1836 2920 vivis,

954 3019 1021 3088 (Ι
1064 3012 1190 3074 Ad
1227 3011 1626 3074 matutinum
1674 3007 2180 3073 2‘nut'tatom'u711.2

481 3125 865 3188 Laudemus
956 3127 1155 3188 deum
1247 3133 1547 3187 nostrum
1638 3124 1704 3186 in
1782 3122 2200 3185 consessione
2277 3121 2469 3184 beate
2546 3121 2760 3184 Marie

350 3211 775 3293 Magdalene.

477 3298 803 3379 Hymnus.
897 3296 1134 3361 Nardi⁸
1162 3308 1238 3361 vt
1262 3310 1480 3381 supra.

476 3385 877 3467 Antzplzona.
985 3385 1317 3450 Ornatum
1396 3385 1629 3448 mundi
1691 3382 2065 3466 contempsi
2129 3392 2399 3466 propter
2457 3402 2753 3446 amorem

339 3472 601 3535 domini
635 3474 763 3535 mei
803 3474 951 3536 Iesu
988 3472 1250 3537 Christi.

1268 3616 1335 3685 (I
1391 3609 1616 3673 Tertia
1648 3608 1841 3671 lectio.

359 3720 553 3848 EX
617 3721 998 3785 mulieribus
1058 3741 1187 3802 que
1248 3720 1588 3785 Christum
1663 3718 1932 3802 egregia
2008 3718 2256 3800 pietate
2308 3717 2611 3803 ‚coluisse
2686 3718 2752 3781 in

515 3806 789 3870 historia
834 3808 1221 3890 euangelica
1265 3807 1637 3871 reseruntur
1684 3807 1901 3869 Maria
1950 3804 2354 3888 Magdalena
2405 3805 2471 3868 in
2521 3805 2751 3888 primis

339 3893 734 3971 celebratur,
793 3894 877 3957 de
937 3915 1068 3976 qua
1129 3905 1352 3959 tamen
1418 3914 1549 3958 non
1629 3914 1836 3976 parua
1911 3903 2013 3955 est
2086 3892 2621 3956 doctissimorum
2684 3903 2753 3955 et

345 3981 888 4062 grauissimorum
942 3983 1228 4045 virorum
1290 3981 1755 4045 controuersia.
1846 3978 2265 4061 Quibusdam
2329 4000 2432 4042 res
2492 3979 2750 4063 aliquas

345 4079 586 4148 gestaS,
610 4068 694 4131 de
714 4069 955 4151 quibus
980 4079 1081 4131 est
1106 4071 1171 4132 in
1204 4069 1573 4153 euangelio,
1592 4068 1678 4132 ad
1711 4088 1906 4130 vnam
1935 4067 2277 4129 mulierem
2301 4066 2751 4142 referentibus,

338 4154 494 4235 alijs
555 4157 637 4218 ad
700 4157 939 4238 plureS.
1027 4155 1412 4237 Vtcumque
1500 4157 1585 4219 sit
1675 4155 1994 4219 traditum
2081 4164 2182 4216 est
2271 4173 2312 4216 a
2391 4154 2749 4217 maioribus

350 4240 630 4305 Mariam
685 4243 1162 4324 Magdalenam
1213 4243 1447 4306 Lazari
1498 4242 1897 4324 Martheque
1937 4259 2229 4304 sororem
2277 4261 2430 4304 cum
2477 4241 2635 4324 ipsis
2681 4252 2749 4304 et

346 4327 727 4392 Maximino
779 4330 1057 4412 alijsque
1107 4331 1353 4394 sanctis
1397 4329 1778 4393 hominibus
1812 4339 1963 4412 post
1994 4328 2240 4393 Christi
2271 4328 2750 4404 ascensionem,

429 4489 773 4620 ὲευκὶῐὲεῑίι
811 4491 887 4556 38.
1241 4489 1265 4521 ⁸
1297 4492 1379 4542 die
1403 4504 1482 4542 22.
1511 4494 1569 4542 in
1593 4509 1659 4542 m.
2056 4492 2077 4525 ⁸
2112 4494 2311 4544 Maria:
2346 4492 2456 4542 add
2488 4503 2565 4555 39.
2595 4504 2674 4554 41.

478 4608 492 4623 .
524 4572 588 4621 R.
680 4607 694 4623 .
2435 4572 2485 4620 X
