3293 5225
414 497 552 547 MAI.
587 496 689 558 14.]
821 497 1231 547 APPARJTIO
1263 497 1317 546 S.
1358 496 1812 546 MJCHAELJS:
1855 495 1909 543 S.
1954 494 2381 544 GREGORIUS
2407 494 2576 543 NAZ.
2729 492 2825 555 283

416 650 526 714 vbi
563 650 1021 733 Apocalipsim
1057 650 1482 733 conscripsit:
1517 659 1668 732 post
1703 658 1986 713 mortem
2019 669 2178 711 vero
2213 646 2603 723 Domitiani,
2633 647 2821 710 cuius

417 746 571 801 acta
601 738 827 801 omnia
857 737 1120 800 fuerunt
1152 758 1192 800 a
1223 747 1453 800 senatu
1489 737 1748 813 rescisa,
1782 737 2125 819 Ephesum
2179 754 2494 810 reuersuS‚
2547 733 2820 797 Drusia-

418 844 572 889 nam
608 845 852 908 magne
884 826 949 886 in
983 825 1299 888 christum
1334 824 1599 906 pietatis
1631 822 1947 885 feminam
1984 823 2183 905 paulo
2206 832 2361 884 ante
2416 821 2821 896 defunctam,

418 912 749 995 sperante¹
783 911 1033 995 populo
1065 913 1149 975 ad
1183 912 1388 973 vitam
1422 909 1652 973 diuina
1683 931 1813 992 ope
1845 910 2199 972 reuocauit.
2293 907 2448 990 Quo
2503 907 2822 971 miraculo

421 999 612 1062 multi
638 1010 793 1062 sunt
824 999 910 1061 ad
944 998 1168 1062 christi
1202 998 1401 1061 fidem
1434 998 1754 1061 conuersi.

806 1141 874 1212 (Ι
917 1137 979 1198 A
975 1136 1264 1217 pparitio
1297 1135 1513 1199 sancti
1537 1134 1630 1197 M
1626 1134 1889 1198 iclzaelis
1918 1133 2153 1214 duplex
2187 1130 2447 1197 minus?

548 1254 613 1324 (Ι
658 1248 742 1311 In
773 1248 888 1311 hoc
898 1248 1076 1328 festo
1110 1247 1354 1330 hymni,
1384 1247 1731 1329 antiphone
1762 1246 2240 1321 inuitatorium‚
2282 1245 2479 1308 tertia
2531 1242 2709 1306 lectio
2759 1251 2823 1305 et

416 1336 625 1399 oratio
654 1336 966 1398 dz‘cuntur
990 1337 1160 1399 sicut
1189 1336 1256 1398 in
1287 1335 1418 1398 alio
1430 1336 1609 1414 festo
1637 1336 1780 1397 eius
1810 1335 1879 1396 in
1913 1354 2122 1397 mense
2156 1331 2530 1414 Septembri.

504 1446 569 1516 (Ι
612 1440 964 1521 Gregorius
993 1440 1464 1503 Nazianzenus
1493 1439 1809 1521 episcopus
1838 1439 2195 1518 consessor.³
2286 1438 2498 1501 Lectio
2521 1435 2732 1499 tertia.

424 1540 884 1671 GRegorius
915 1540 1027 1621 qui
1059 1561 1146 1602 ex
1181 1540 1494 1622 singulari
1530 1560 1743 1602 rerum
1780 1540 2156 1601 diuinarum
2197 1538 2500 1601 doctrina
2523 1537 2816 1619 theologi

595 1647 968 1709 cognomen
1019 1628 1292 1704 inuenit,
1346 1637 1540 1689 natus
1592 1637 1694 1690 est
1743 1628 1808 1689 in
1868 1625 2315 1708 Cappadocia,
2365 1624 2481 1688 sed
2532 1624 2822 1688 Athenis

417 1716 754 1790 educatus
786 1735 862 1777 ac
894 1714 1190 1778 eruditus
1221 1715 1402 1776 omni
1438 1713 1877 1796 philosophia,
1908 1716 2084 1776 vnde
2116 1714 2180 1775 in
2217 1714 2498 1794 patriam
2526 1732 2822 1775 reuersus

419 1801 634 1864 factus
656 1814 756 1881 est
789 1803 1137 1885 episcopus
1169 1803 1455 1884 primum
1493 1800 1905 1865 Sasimorum
1943 1801 2187 1864 deinde
2221 1800 2701 1876 Nazianzenus,
2748 1809 2821 1862 vt

421 1888 617 1951 refert
674 1890 1157 1969 HieronymuS,
1196 1890 1307 1969 qui
1360 1887 1486 1950 hoc
1541 1898 1929 1971 preceptore
1982 1908 2052 1950 se
2108 1886 2549 1969 profiteretur⁴
2603 1907 2821 1949 sacras

419 1976 773 2059 scripturas
792 1976 1159 2059 explanare
1178 1974 1504 2039 didicisse.
1567 1976 1741 2038 Tum
1770 1974 2423 2057 Constantinopolim
2460 1972 2820 2037 translatus

416 2064 524 2126 vbi
552 2063 870 2146 populum
891 2062 1254 2126 erudiendo
1275 2063 1592 2125 infectum
1620 2063 2057 2125 hereticorum
2083 2082 2342 2126 veneno
2373 2071 2636 2125 tantum
2672 2081 2819 2142 pro·

417 2151 588 2226 fecit,
618 2161 690 2213 vt
721 2162 880 2214 tunc
935 2150 1218 2232 primum
1275 2150 1398 2212 sibi
1457 2149 1809 2232 populares
1862 2150 2198 2212 christiani
2248 2170 2391 2212 esse
2443 2148 2823 2212 viderentur

416 2248 648 2301 autore
682 2238 1019 2320 GregoriO,
1053 2238 1164 2318 qui
1198 2236 1412 2300 multo
1443 2238 1645 2299 etiam
1682 2238 1894 2319 magis
1924 2236 2259 2319 exemp10‚
2292 2256 2493 2317 quam
2516 2256 2820 2298 sermone

417 2346 632 2387 mores
663 2325 1007 2387 hominum
1041 2324 1444 2388 instituebat.
1539 2322 1671 2387 Sed
1707 2344 1858 2386 cum
1892 2335 2161 2406 ceptum
2195 2333 2366 2386 esset
2404 2343 2444 2385 a
2483 2323 2820 2386 nonnullis

414 2412 636 2475 virtuti
659 2413 799 2474 eius
832 2411 1107 2473 inuideri
1141 2412 1453 2475 seditiose
1486 2410 1929 2482 molientibuS,
1963 2422 2033 2472 vt
2056 2411 2269 2474 eiecto
2301 2409 2623 2491 Gregorio
2648 2411 2816 2492 epis-

416 2520 623 2582 copus
654 2500 822 2561 alter
872 2498 1293 2573 sufficeretur,
1347 2497 1456 2560 ille
1510 2499 1868 2579 recognita,
1922 2497 2113 2573 absit,
2162 2497 2396 2578 inquit,
2428 2507 2498 2559 vt
2531 2498 2655 2558 sim
2690 2516 2818 2578 ego

415 2605 612 2648 causa
646 2586 987 2649 seditionis
1019 2586 1071 2648 si
1108 2595 1375 2668 propter
1408 2605 1513 2648 me
1544 2594 1783 2648 exorta
1815 2594 1915 2648 est
1946 2594 2327 2668 tempestaS,
2360 2584 2572 2648 tollite
2603 2603 2728 2660 me,
2752 2594 2819 2647 et

418 2673 718 2755 proijcite
752 2675 816 2735 in
844 2693 1041 2749 mare,
1087 2686 1159 2735 vt
1197 2694 1314 2736 vos
1364 2674 1590 2735 iactari
1646 2673 1981 2736 desinatis.
2075 2673 2455 2735 Reuertitur
2503 2673 2703 2754 igitur
2752 2672 2816 2733 in

418 2760 478 2821 N
488 2761 912 2822 azianzenam
947 2760 1313 2836 ecclesiam,
1343 2780 1543 2841 quam
1577 2780 1728 2822 cum
1763 2759 1876 2823 diu
1915 2760 2329 2822 sanctissime
2371 2758 2821 2841 gubernasset,

417 2847 545 2909 iam
603 2846 868 2910 affecta⁵
921 2857 1101 2909 etate
1151 2849 1290 2929 ipse
1344 2847 1466 2909 sibi
1521 2867 1965 2910 successorem
2021 2848 2239 2928 elegit,
2288 2858 2355 2910 et
2398 2867 2468 2909 se
2498 2847 2815 2909 virtutum

417 2935 928 3014 diuinarumque
1005 2955 1218 2997 rerum
1297 2935 1866 3017 contemplationi,
1944 2954 2412 3015 sacrarumque
2483 2932 2815 2996 literarum

415 3021 639 3084 studio
700 3020 903 3084 dedit.
998 3021 1153 3102 Quo
1215 3024 1279 3083 in
1342 3042 1584 3103 genere
1646 3021 1857 3085 Grece
1920 3020 2131 3083 multa
2190 3023 2358 3084 scitu
2432 3020 2820 3102 dignissima

415 3110 656 3189 partim
691 3108 1000 3183 carmine,
1032 3108 1270 3191 partim
1325 3129 1519 3191 prosa
1572 3109 1873 3170 oratione
1921 3118 2149 3171 sancte
2198 3129 2275 3170 ac
2328 3107 2820 3189 elegantissime

413 3196 801 3278 conscripsit
834 3196 961 3257 ruri
995 3197 1202 3259 vitam
1240 3195 1546 3258 monachi
1577 3216 1801 3277 agens.
1897 3196 1972 3258 In
2006 3195 2247 3277 quibus
2279 3194 2516 3274 studijs
2568 3192 2653 3255 ab
2696 3192 2819 3255 hac

411 3283 548 3345 vita
581 3283 891 3365 migrauit
925 3282 1307 3345 Theodosio
1344 3283 1769 3365 Imperatore.

843 3427 911 3498 (I
961 3421 1178 3485 Victor
1210 3431 1272 3483 et
1312 3419 1559 3485 Corona
1598 3424 1956 3501 martyres.‘²
2007 3419 2222 3483 Lectio
2269 3420 2383 3500 .in

417 3525 734 3654 Vlctor
766 3525 955 3588 miles
987 3526 1338 3589 Antonino
1370 3526 1766 3606 imperatore
1802 3527 1865 3588 in
1907 3524 2102 3605 Syria
2150 3544 2381 3607 passus
2434 3534 2550 3586 est.
2661 3522 2815 3584 Pro-

639 3611 879 3676 ductus
938 3614 1115 3676 enim
1188 3613 1272 3676 ad
1351 3613 1639 3675 tribunal
1717 3612 1950 3676 iudicis
2020 3612 2396 3676 Sebastiani
2468 3630 2618 3673 cum
2688 3607 2818 3689 dijs

414 3699 760 3762 immolare
821 3710 1291 3775 contemneret,
1353 3701 1735 3763 immaniter
1804 3700 2143 3763 cruciatur.
2271 3699 2449 3761 Nam
2528 3696 2814 3779 primum

415 3787 644 3868 digitis
677 3786 916 3849 malleo
949 3787 1300 3849 confractis
1353 3788 1418 3848 in
1475 3787 1808 3850 fornacem
1865 3785 2206 3849 ardentem
2260 3786 2497 3847 missus
2545 3794 2646 3847 est
2697 3804 2816 3846 nec

413 3884 638 3937 tamen
673 3894 713 3935 a
744 3873 1015 3936 flamma
1046 3874 1235 3937 lesus.
1328 3874 1592 3936 Deinde
1623 3894 1882 3937 veneno
1914 3882 2183 3955 sumpto
2216 3872 2420 3935 nihilo
2472 3872 2685 3952 magis
2732 3871 2819 3934 ab

413 3981 496 4023 eo
527 3960 783 4024 leditur.
874 3960 1029 4043 Quo
1062 3960 1379 4023 miraculo
1409 3961 1623 4023 victus
1648 3960 1906 4035 artifex,
1926 3959 2038 4040 qui
2059 3979 2389 4023 venenum
2417 3967 2821 4041 porrexerat,

414 4048 655 4110 relictis
687 4047 881 4109 idolis
911 4047 996 4110 ad
1031 4046 1365 4111 Christum
1404 4068 1764 4110 conuersus
1816 4056 1933 4110 est.
2023 4048 2226 4110 Tum⁷
2278 4047 2487 4108 victor
2539 4044 2819 4106 feruenti

411 4132 561 4196 oleo
594 4133 1009 4216 perfunditur
1038 4145 1240 4216 atque
1269 4134 1476 4197 oculis
1507 4136 1820 4217 priuatur.
1913 4135 2255 4197 Postremo
2286 4133 2524 4214 capitis
2548 4132 2817 4194 obtrun-

413 4222 675 4284 catione
707 4224 1097 4303 martyrium
1138 4224 1642 4285 consummauit.
1735 4222 1939 4286 Cuius
1970 4219 2288 4303 exemplo
2337 4231 2520 4282 mota
2572 4218 2820 4281 femina

412 4308 700 4390 quedam
737 4307 1002 4372 Corona
1033 4309 1321 4385 nomine,
1351 4329 1501 4371 cum
1536 4309 1788 4392 ingenti
1821 4328 1983 4371 voce
2013 4307 2331 4370 christum
2359 4306 2822 4380 conclamaret,

508 4421 526 4453 ¹
560 4434 850 4488 spectante:
887 4436 964 4487 39.
994 4434 1086 4474 etc.
1581 4424 1604 4454 2
1635 4425 1718 4475 die
1741 4424 1786 4474 8.
1818 4426 1875 4472 in
1900 4442 1964 4473 m.

509 4488 530 4517 ³
562 4490 644 4539 die
659 4502 705 4550 9.
738 4492 810 4539 in.
842 4507 905 4538 m.
1583 4489 1603 4519 ⁴
1636 4491 1926 4556 profitetur:
1964 4503 2041 4553 39.
2070 4498 2163 4539 etc.

507 4552 528 4583 ⁶
561 4555 818 4604 confecta:
855 4567 932 4617 39.
962 4568 1040 4616 41.
1581 4554 1604 4585 ⁶
1637 4557 1721 4605 Di.
1756 4569 1827 4617 14.
1859 4557 1916 4604 in
1942 4573 2006 4604 m.
2403 4551 2424 4585 ⁷
2457 4553 2636 4602 Tunc:
2673 4552 2750 4616 38.
