3293 5225
495 464 557 518 54
1118 458 1498 507 DOMINJCA
1543 459 1821 507 TERTIA
1857 459 2288 510 ADVENTUS.

752 641 817 710 (I
864 635 1212 699 Dominica
1242 637 1354 718 ‚iifl
1386 637 1706 699 aduentus
1734 637 1833 699 ad
1853 638 2251 700 matutinum
2282 637 2650 719 antiphona.

625 744 887 810 Oriens¹
921 748 1236 830 splendor
1266 747 1430 812 lucis
1461 760 1706 825 eterne,
1736 759 1804 812 et
1847 748 1944 812 sol
1993 749 2240 813 iustitie
2286 750 2455 826 veni,
2485 762 2554 815 et
2599 749 2901 813 illumina

492 831 800 896 sedentes
832 835 897 897 in
933 836 1240 911 tenebriS,
1271 847 1339 900 et
1371 836 1601 899 vmbra
1636 836 1882 900 mortis,

622 977 690 1047 (Ι
738 972 813 1034 H
812 993 877 1035 ec
925 973 1278 1054 antiphona
1332 973 1579 1036 dicitur
1625 974 1723 1035 aa'
1765 975 2162 1037 matutinum
2214 996 2407 1056 vsque
2457 976 2555 1037 (ια’
2600 975 2900 1057 vigiliam

489 1058 881 1136 natiuitatis·‚
910 1060 1241 1137 exclusiue,
1283 1059 1456 1123 cum2
1481 1060 1578 1142 fit
1626 1060 1901 1142 officium
1954 1062 2032 1123 de
2081 1062 2419 1137 domim'ca,
2451 1062 2558 1124 vel
2597 1063 2674 1124 de
2701 1062 2904 1142 feria.

1299 1198 1412 1261 Ex
1436 1196 1666 1262 lsaiass
1755 1198 1968 1261 Lectio
2001 1199 2088 1279 3.4

658 1308 754 1371 Ec
786 1308 949 1372 dicit
994 1310 1324 1386 dominus
1355 1311 1687 1373 custodite
1735 1310 2050 1373 iudicium
2099 1320 2167 1373 et
2213 1311 2410 1374 facite
2458 1311 2777 1374 iustitiam

682 1396 850 1459 sicut
882 1396 1097 1471 hodie,
1129 1397 1222 1460 sic
1253 1408 1321 1461 et
1351 1418 1497 1460 cras
1528 1396 1620 1460 et⁵
1655 1397 1869 1460 multo
1898 1397 2201 1479 amplius

1097 1539 1165 1609 (Ι
1213 1533 1581 1598 Secundum
1612 1531 1869 1596 lucam.⁰
1957 1533 2168 1596 Lectio
2200 1556 2283 1615 JJ.

448 1735 453 1736 γ
498 1643 687 1773 ET
740 1646 794 1707 si
841 1643 1159 1745 diligetis7
1205 1666 1318 1708 eos
1365 1648 1478 1728 qui
1526 1667 1645 1709 vos
1692 1646 2018 1728 diligunt:
2211 1658 2280 1711 et
2334 1645 2510 1710 facta
2562 1656 2664 1709 est
2711 1647 2899 1709 ruina

653 1733 892 1795 domus
923 1733 1096 1795 illius
1128 1753 1392 1815 magna.

1116 1869 1327 1932 Lectio
1357 1870 1471 1951 ,iifl
1506 1868 1874 1933 Secundum
1906 1869 2259 1934 Ioannertt.⁸

564 1982 624 2044 N
661 1980 775 2043 illo
806 1990 1109 2064 tempore
1144 1982 1465 2045 miserunt
1515 1981 1705 2045 Iudei
1751 1981 1839 2045 ab
1890 1981 2316 2063 lerosolymis
2363 1981 2779 2045 sacerdotes:
2826 1993 2894 2046 et

592 2068 865 2132 Leuitas
901 2070 988 2131 ad
1027 2069 1368 2146 Ioannem,
1399 2078 1471 2131 vt
1517 2070 2003 2150 interrogarent
2050 2089 2222 2132 eum.
2313 2068 2418 2131 Tu
2467 2069 2616 2150 quis
2661 2075 2780 2132 es?
2824 2078 2892 2131 et

477 2154 742 2238 reliqua.

1140 2267 1217 2330 H
1211 2268 1436 2330 omilia
1471 2268 1705 2330 Sancti
1737 2268 1797 2330 G
1800 2267 2045 2350 regonj'
2051 2279 2233 2349 pape.

618 2380 681 2442 Χ
745 2379 940 2443 huius
1002 2378 1195 2443 nobis
1255 2378 1556 2442 lectionis
1614 2378 1833 2442 verbis
1896 2378 2130 2442 fratres
2189 2379 2554 2443 charissimi
2623 2380 2892 2443 Ioannis
2971 2449 2974 2450 γ

646 2466 987 2530 humilitas
1032 2467 1557 2530 commendatur.
1652 2466 1785 2549 Qui
1841 2487 1992 2530 cum
2049 2475 2234 2530 tante
2285 2467 2547 2530 virtutis
2595 2477 2770 2530 esset
2817 2477 2890 2529 vt

475 2554 778 2620 Christus
838 2553 1014 2618 credi
1078 2554 1440 2637 potuisset:
1516 2553 1719 2636 elegit
1787 2553 1997 2618 solide
2056 2553 2415 2618 subsistere
2491 2554 2555 2617 in
2621 2575 2731 2617 se:
2807 2573 2890 2616 ne

475 2642 768 2705 humana
799 2643 1114 2724 opinione
1161 2651 1500 2724 raperetur
1545 2642 1831 2704 inaniter
1874 2640 2098 2725 super⁹
2141 2663 2228 2705 se.
2323 2642 2498 2705 Nam
2548 2642 2888 2705 confessus

473 2738 574 2792 est
604 2738 672 2792 et
704 2749 838 2793 non
887 2727 1210 2813 negauit¹⁰
1251 2730 1590 2793 confessus
1635 2739 1780 2792 est:
1828 2731 1983 2812 quia
2029 2749 2163 2792 non
2211 2749 2358 2792 sum
2407 2749 2536 2811 ego
2567 2729 2887 2794 Christus.

476 2816 610 2880 Sed
644 2817 757 2899 qui
805 2817 980 2880 dixit
1025 2837 1160 2879 non
1209 2836 1356 2879 sum
1407 2816 1681 2898 negauit
1728 2816 1926 2898 plane
1973 2818 2154 2897 quod
2202 2837 2336 2880 non
2389 2827 2550 2893 erat,
2578 2815 2698 2879 sed
2755 2837 2884 2878 non

473 2905 763 2987 negauit,
795 2906 973 2986 quod
1022 2901 1212 2967 erat¹¹
1243 2903 1591 2967 veritatem
1641 2903 1921 2985 loquens
1952 2902 2074 2968 vt¹²
2104 2904 2244 2966 eius
2276 2903 2648 2966 membrum
2684 2902 2886 2973 fieret,

471 2991 657 3053 cuius
690 2990 812 3054 sibi
847 3011 1088 3054 nomen
1125 2989 1445 3054 fallaciter
1493 3010 1626 3053 non
1679 3001 2039 3073 vsurparet.
2131 2990 2302 3055 Cum
2352 3011 2512 3073 ergo
2560 3011 2693 3054 non
2746 2989 2887 3054 vult

471 3088 787 3161 appetere
849 3098 1093 3141 nomen
1155 3078 1382 3142 christi
1445 3077 1661 3141 factus
1719 3089 1823 3142 est
1883 3078 2254 3142 membrum
2321 3077 2586 3142 Christi.
2707 3076 2886 3159 Quia

471 3165 631 3227 dum
710 3164 1162 3229 infirmitatem
1240 3185 1429 3228 suam
1507 3165 1763 3228 studuit
1839 3164 2176 3229 humiliter
2234 3185 2635 3247 agnoscere:
2710 3164 2884 3227 illius

469 3251 930 3315 celsitudinem
984 3254 1222 3315 meruit
1270 3253 1592 3315 veraciter
1640 3253 1956 3317 obtinere.
2072 3252 2207 3317 Sed
2258 3273 2409 3315 cum
2460 3270 2549 3314 ex
2602 3251 2883 3315 lectione

469 3338 600 3401 alia
633 3339 1068 3422 redemptoris
1101 3341 1306 3402 nostri
1340 3340 1671 3403 sententia
1701 3342 1786 3403 ad
1823 3351 2114 3404 mentem
2150 3340 2522 3403 reducitur:
2570 3361 2658 3401 ex
2690 3339 2883 3403 huius

472 3425 661 3489 nobis
712 3427 1011 3490 lectionis
1064 3426 1280 3490 verbis
1333 3427 1595 3509 questio
1648 3426 1843 3489 valde
1895 3427 2194 3509 implexa
2248 3438 2615 3511 generatur.
2725 3425 2885 3489 Alio

469 3515 716 3596 quippe
754 3515 818 3576 in
854 3514 1001 3578 loco
1032 3514 1385 3597 inquisitus
1415 3534 1456 3576 a
1485 3512 1826 3596 discipulis
1861 3514 2230 3577 Dominus:
2276 3513 2361 3577 de
2394 3514 2542 3576 Elie
2588 3513 2882 3577 aduentu

468 3601 810 3682 respondit
886 3602 1071 3664 Elias
1146 3602 1277 3663 iam
1341 3601 1564 3663 venit:
1642 3609 1710 3663 et
1769 3620 1903 3664 non
1979 3613 2437 3684 cognouerunt
2496 3622 2689 3665 eum:
2767 3600 2879 3663 sed

471 3687 764 3751 fecerunt
840 3688 904 3751 in
981 3708 1063 3751 eo
1135 3687 1586 3769 quodcunque
1645 3688 2013 3752 voluerunt.
2135 3689 2225 3752 Et
2287 3689 2340 3750 si
2402 3688 2605 3751 vultis
2683 3690 2881 3750 scire:

470 3775 760 3837 Ioannes
808 3776 947 3857 ipse
995 3785 1098 3838 est
1149 3775 1352 3838 Elias.
1445 3774 1832 3855 Requisitus
1882 3785 2105 3839 autem
2163 3776 2448 3838 Ioannes
2497 3776 2697 3838 dicit:
2746 3796 2879 3837 non

465 3883 613 3925 sum
649 3862 850 3926 Elias,
942 3862 1122 3945 Quid
1156 3874 1257 3925 est
1303 3862 1430 3925 hoc
1478 3861 1711 3925 fratres
1756 3862 2161 3926 charissimi:
2208 3864 2366 3945 quia
2413 3863 2592 3946 quod
2641 3864 2882 3925 veritas

465 3948 790 4012 affirmat:
835 3950 962 4012 hoc
995 3949 1322 4032 propheta
1352 3950 1648 4012 veritatis
1684 3959 1905 4032 negat.
1996 3949 2215 4013 Valde
2261 3970 2550 4032 namque
2595 3950 2767 4012 inter
2812 3970 2882 4012 se

464 4036 726 4100 diuersa
772 4047 945 4113 sunt,
991 4037 1134 4118 ipse
1177 4046 1315 4099 est:
1369 4045 1437 4098 et
1488 4056 1621 4098 non
1673 4057 1839 4099 sum.
1932 4037 2296 4120 Quomodo
2344 4058 2505 4120 ergo
2557 4037 2883 4119 propheta

464 4123 759 4187 veritatis
811 4134 949 4187 est:
1003 4124 1054 4185 si
1105 4123 1399 4186 eiusdem
1445 4124 1743 4186 veritatis
1791 4123 2209 4188 sermonibus
2259 4144 2535 4186 concors
2582 4145 2715 4186 non
2764 4135 2880 4186 est.

562 4270 577 4300 ¹
613 4273 679 4320 So
700 4273 803 4320 also
826 4271 902 4334 38.
932 4270 1012 4319 66.
1086 4271 1133 4319 O
1156 4269 1355 4319 oriens:
1395 4283 1471 4333 39.
1501 4280 1595 4319 etc.
1994 4268 2017 4299 '²
2046 4272 2280 4334 quando:
2315 4283 2393 4335 39.
2423 4280 2516 4320 etc.

560 4334 581 4366 ³
613 4336 702 4387 Ca.
735 4336 798 4400 56
821 4339 878 4385 in
902 4353 967 4384 m.
990 4336 1094 4397 [lvi.
1131 4336 1297 4395 1-12.]
1638 4333 1660 4363 ⁴
1700 4335 1943 4410 sliu-sym·
1968 4348 2007 4385 1.
2361 4333 2382 4363 ⁵
2415 4336 2501 4386 in:
2538 4334 2615 4399 38.
2666 4402 2674 4411 ,

558 4399 580 4495 g
612 4401 698 4463 [vi.
728 4402 934 4465 32-49.]
1613 4398 1654 4495 ὦ
1686 4400 1927 4495 diligitis:
1965 4399 2043 4464 38.
2071 4410 2164 4449 etc.
2341 4398 2388 4495 ηδ
2421 4401 2546 4466 Cap.
2582 4414 2621 4449 1.
2652 4417 2708 4449 m
2735 4418 2797 4449 m.

612 4483 797 4532 supra:
833 4466 912 4517 60.
953 4466 1031 4516 61.
1072 4466 1151 4527 64.
1685 4474 1772 4515 et.
1809 4468 1920 4516 add.
1949 4465 2028 4515 61.
2057 4465 2136 4527 64.
2413 4476 2499 4515 vt:
2537 4468 2647 4515 add.
2679 4465 2754 4528 38.
2784 4475 2880 4516 etc.

542 4530 582 4561 ¹²
612 4535 749 4583 omit.
779 4532 857 4596 38.
884 4541 978 4583 etc.
