3293 5225
169 417 334 466 SEPT.
375 417 482 477 22]
734 417 786 465 S.
828 418 938 465 MA
956 417 1308 466 TTHAEUS
1337 417 1451 466 AF.
1524 417 1575 465 S.
1619 416 2066 466 MAURIYIUS.
2488 427 2582 478 333

180 570 644 701 CYprianus
676 570 946 632 natione
981 569 1212 650 Apher
1243 569 1639 632 christianus
1673 569 1906 644 sactuS,
1936 590 2170 632 omnes
2204 590 2356 632 suas
2378 569 2578 632 facul-

333 668 506 720 tates
526 657 922 740 pauperibus
945 656 1295 730 distribuit,
1331 656 1596 719 Deinde
1631 659 1997 738 presbyter,
2031 677 2152 719 nec
2186 657 2399 719 multo
2426 667 2577 739 post

171 746 524 827 episcopus
571 743 1115 825 Carthaginensis
1162 754 1421 806 creatus
1454 743 1737 825 plurima
1768 745 2143 806 sanctitatis
2175 743 2578 806 documenta

171 831 451 912 prebuit,
513 841 578 893 et
653 830 952 893 doctrine
1028 830 1378 912 singularis
1457 842 1895 894 monumenta
1956 832 2235 912 posteris
2298 831 2579 911 reliquit.

178 918 588 1001 Imperatore
614 917 975 980 Valeriano
994 928 1359 992 accusatus,
1379 918 1560 999 quod
1583 917 1922 981 Christum
1948 918 2211 992 coleret,
2231 937 2271 979 a
2296 919 2579 980 Paterno

176 1007 568 1087 proconsule
601 1025 751 1067 cum
785 1007 871 1067 ab
900 1006 1202 1066 instituto
1234 1004 1407 1068 flecti
1441 1025 1572 1067 non
1620 1015 1861 1086 posset,
1903 1007 1969 1067 in
2009 1005 2285 1068 exilium
2340 1005 2578 1067 missus

170 1102 291 1156 est.
383 1093 584 1155 Vnde
615 1090 941 1173 egressusl
967 1092 1361 1174 proconsule
1384 1092 1719 1168 defunct0,
1741 1112 1997 1154 rursum
2030 1093 2210 1173 apud
2238 1091 2576 1156 Galerium

181 1180 578 1254 Maximum,
610 1179 722 1259 qui
760 1180 1045 1241 Paterno
1078 1188 1481 1240 successerat
1513 1190 1881 1254 accusatu5‚
1933 1180 2183 1241 inuicto
2231 1180 2457 1241 animo
2514 1180 2578 1241 in

175 1268 367 1328 vnius
413 1266 546 1327 veri
597 1265 723 1340 dei,
770 1265 1147 1346 Christique
1193 1265 1609 1328 confessione
1659 1286 2088 1347 perseuerans
2141 1266 2579 1329 obtruncatus

177 1355 497 1433 martyrio
530 1363 886 1416 coronatur
917 1352 1116 1433 xviij.
1150 1351 1462 1415 calendas
1496 1351 1826 1416 Octobris,

741 1513 1085 1576 Mattheus
1128 1514 1476 1595 Apostolus
1520 1514 1758 1595 duplex
1786 1515 2016 1579 maius.

986 1627 1111 1690 Ad
1133 1638 1441 1708 vesperas.
1522 1626 1767 1691 Oratio,

195 1740 465 1868 BEati
532 1739 847 1822 Apostoli
910 1749 975 1800 et
1038 1740 1451 1820 euangeliste
1528 1740 1815 1803 Matthei
1908 1740 2200 1803 Domine
2278 1740 2586 1822 precibus

350 1828 759 1903 adiuuemur,
791 1837 859 1889 vt
878 1826 1059 1907 quod
1085 1827 1488 1907 possibilitas
1516 1842 1743 1890 nostra
1770 1848 1902 1890 non
1929 1829 2206 1901 obtinet,
2228 1831 2366 1890 eius
2390 1829 2582 1891 nobis

179 1915 650 1977 intercessione
681 1916 981 1977 donetur.
1075 1934 1203 1995 per.

1072 2068 1139 2138 (Ι
1182 2062 1394 2126 Lectio
1440 2062 1679 2127 tertia?

359 2175 599 2240 Atthe³
630 2177 742 2258 qui
777 2187 844 2238 et
879 2176 1044 2239 Leui
1077 2176 1422 2239 dicebatur
1455 2198 1541 2239 ex
1578 2177 1939 2259 publicano
1972 2177 2186 2240 factus
2234 2189 2336 2240 est
2387 2198 2579 2261 apos-

387 2266 561 2328 tolus
611 2265 790 2326 Nam
837 2283 990 2325 cum
1043 2263 1106 2324 in
1141 2262 1301 2325 vrbe
1352 2263 1607 2326 Galilee
1661 2263 2063 2346 Capharnao
2113 2266 2198 2326 ad
2255 2264 2575 2328 telonium

177 2355 455 2427 sederet,
479 2351 573 2414 et*
595 2351 842 2412 christo
863 2347 1301 2431 preteriunte†
1324 2363 1599 2413 vocatus
1631 2351 1846 2433 ipsum
1882 2370 1983 2415 est
2016 2362 2353 2433 sequutuS,
2376 2372 2575 2433 quem

178 2461 330 2503 cum
380 2438 716 2521 discipulis
764 2437 1054 2518 hospitio
1102 2439 1390 2518 suscepit
1440 2438 1598 2500 Post
1643 2439 1785 2500 eius
1827 2459 1984 2501 vero
2035 2440 2575 2502 resurrectionem

186 2527 528 2590 Mattheus
559 2526 719 2587 dum
755 2534 1017 2605 pararet
1060 2523 1124 2585 in
1162 2524 1551 2606 Ethiopiam
1586 2525 1910 2607 proficisci
1961 2527 2045 2587 ad
2098 2528 2574 2607 predicandum

179 2615 492 2696 gentibus
524 2610 649 2674 illis
680 2610 1123 2694 euangelium,
1156 2612 1388 2692 patria,
1421 2612 1546 2674 hoc
1579 2623 1697 2687 est,
1736 2612 2073 2677 Hebraica
2098 2612 2327 2695 lingua
2374 2634 2578 2677 euan-

183 2699 662 2782 gelium,quod
697 2701 760 2761 in
825 2700 1031 2762 Iudea
1087 2700 1562 2777 predicauerat,
1620 2700 1894 2781 scripsit.
1990 2700 2330 2764 Profectus
2379 2702 2579 2783 igitur

182 2791 248 2851 in
277 2787 685 2868 Ethiopiam,
714 2806 917 2867 quam
951 2787 1362 2867 prouinciam
1410 2787 1624 2850 fuerat
1675 2788 1963 2863 sortituS,
1997 2788 2268 2850 verbum
2320 2789 2572 2850 domini

181 2876 613 2957 sequentibus
672 2874 878 2955 signis
941 2873 1258 2935 latissime
1319 2873 1797 2936 disseminauit.
1894 2875 1983 2938 Et
2046 2876 2492 2957 regio‘puero
2541 2895 2578 2937 e

184 2973 395 3026 morte
427 2963 512 3024 ad
547 2962 750 3023 vitam
784 2980 912 3041 ope
944 2960 1171 3022 diuina
1205 2971 1535 3035 reuocat0,
1580 2981 1802 3041 regem
1853 2972 2109 3044 patrem
2161 2982 2312 3024 cum
2368 2982 2579 3024 vxore

182 3061 249 3113 et
268 3051 576 3112 Vniuersa
598 3048 938 3130 prouincia
959 3046 1043 3109 ad
1065 3047 1289 3109 christi
1314 3046 1512 3110 fidem
1539 3050 1883 3111 conuertit.
1950 3050 2073 3113 Cui
2100 3050 2236 3132 regi
2263 3049 2579 3112 defuncto

179 3158 333 3200 curn
404 3137 719 3198 Hirtacus
779 3135 1052 3216 quidam
1118 3135 1182 3196 in
1252 3154 1458 3215 regno
1525 3137 1962 3211 successisset,
2028 3138 2299 3216 eiusque
2372 3134 2575 3199 filiam

186 3225 605 3306 Iphigeniam
679 3222 802 3283 sibi
870 3221 1068 3284 vellet
1143 3222 1570 3283 matrimonio
1641 3223 1954 3303 copulare
2022 3224 2382 3299 MattheuS,
2443 3245 2577 3304 quo

179 3322 410 3376 autore
443 3310 888 3392 virginitatem
926 3308 1036 3371 illa
1055 3321 1349 3385 vouerat,
1376 3319 1441 3370 vt
1465 3309 1526 3369 in
1552 3317 1785 3372 san'cto
1812 3311 2210 3391 virginitatis
2235 3314 2576 3393 proposito

180 3400 575 3483 persisteret,
607 3398 889 3458 eandem
925 3395 1330 3458 hortabatur.
1428 3396 1666 3477 Itaque
1698 3397 2014 3478 virginem
2038 3408 2420 3460 constanter
2443 3399 2577 3461 suis

179 3488 353 3550 votis
384 3486 702 3548 obsistere
758 3483 1220 3546 molestissime
1271 3483 1485 3545 serens
1537 3484 1873 3560 Hirtacus
1930 3484 2327 3561 Mattheum,
2376 3505 2574 3566 quem

176 3576 320 3636 eius
380 3571 634 3652 consilij
700 3581 999 3633 autorem
1055 3590 1198 3632 esse
1259 3571 1526 3645 sciebat,
1587 3570 1673 3634 ad
1726 3571 1934 3634 altare
1985 3592 2171 3634 sacra
2225 3572 2574 3634 facientem

180 3661 409 3744 gladio
463 3660 728 3722 confodi
785 3658 988 3732 iussit,
1040 3658 1130 3720 Et
1180 3658 1271 3719 sic
1322 3658 1606 3739 apostoli
1658 3672 1725 3721 et
1780 3659 2189 3740 euangeliste
2241 3660 2577 3740 martyris-

175 3769 305 3831 que
343 3767 654 3810 coronam
690 3745 972 3824 adeptus
1004 3745 1358 3820 mattheuS,
1410 3744 1494 3806 ad
1544 3745 1861 3808 christum
1915 3747 2317 3827 beatamque
2369 3748 2575 3809 vitam

180 3836 490 3916 migrauit
523 3834 626 3896 ,xi.
661 3831 976 3893 calendas
1010 3830 1342 3895 Octobris.

522 3994 614 4056 M
608 3993 898 4055 auritius
926 4013 1066 4054 cum
1097 3994 1284 4073 socijs
1314 3994 1675 4072 mam'yres.5
1752 3993 1967 4057 Lectio
1999 3993 2235 4057 tertia.⁰

180 4108 440 4241 CVm
508 4107 965 4169 Maximianus
1014 4105 1374 4184 imperator
1422 4106 1810 4182 exercitum,
1842 4127 2040 4187 quem
2098 4108 2437 4189 ingentem
2492 4129 2581 4170 ex

337 4195 535 4276 varijs
556 4192 937 4256 nationibus
956 4190 1377 4268 confectum‚⁷
1409 4202 1592 4255 trans
1622 4195 1809 4276 alpes
1836 4194 2212 4271 induxerat,
2231 4196 2297 4257 di
2298 4195 2360 4276 js
2384 4197 2580 4257 sacri-

273 4346 290 4376 ¹
327 4362 606 4410 regressus:
645 4358 721 4408 39.
751 4352 850 4395 etc.
1186 4340 1208 4373 ²
1239 4345 1336 4393 die.
1367 4357 1424 4392 21
1453 4345 1510 4392 in
1535 4360 1599 4394 m.
1964 4342 1986 4373 ³
2021 4345 2339 4396 Matthaeus:
2366 4346 2430 4409 38
2453 4357 2545 4397 etc.

275 4414 295 4442 ⁴
328 4429 391 4461 a:
429 4425 506 4474 39.
536 4424 629 4459 etc.
1188 4407 1208 4437 ¹⁵
1250 4410 1386 4457 Thus
1409 4411 1466 4457 in
1490 4423 1569 4470 41.
1597 4423 1676 4470 49.
1706 4409 1784 4471 64.
1842 4412 2185 4475 martyribus:
2207 4410 2285 4475 63.

274 4476 295 4507 ὅ
327 4477 394 4527 di.
424 4490 501 4525 22.
532 4478 590 4524 in
615 4492 679 4525 m.
1187 4473 1208 4505 ⁷
1240 4474 1484 4524 consecti:
1522 4486 1600 4537 39.
