3293 5225
1163 484 1268 532 RE
1274 484 1318 532 G
1326 484 1469 533 ULA
1473 485 1527 532 E
1586 485 1891 533 GENERA
1901 486 2051 534 LES.
2710 479 2836 534 lxvii

398 636 665 717 quando
731 636 1054 699 dominica
1129 637 1361 700 incidit
1436 636 1644 718 infral
1710 637 2003 718 aliquam
2079 648 2373 701 octauam
2446 649 2696 719 semper
2733 637 2832 720 fit

401 720 681 802 officium
742 724 821 785 de
858 733 1101 798 octaua,
1131 745 1273 785 cum
1321 726 1915 788 commemoratione
1961 725 2291 798 dominice,
2338 735 2407 787 vt
2448 736 2668 806 supra,
2697 722 2844 788 nisi

398 810 498 870 sit
575 810 653 872 de
740 810 1147 891 vagantibus,
1213 831 1332 891 que
1393 810 1844 892 interponitur2
1890 822 2041 894 post
2095 813 2518 887 Pentecosten,
2578 821 2700 875 aut
2753 812 2839 874 de

402 895 839 959 incidentibus
897 897 1108 976 infra¹
1153 907 1414 961 octauas
1458 898 1870 962 Natiuitatis
1919 899 2172 963 Christi
2210 908 2271 961 et
2296 902 2628 980 festorum
2689 899 2836 962 eius

404 983 765 1059 mobilium,
823 984 981 1065 quia
1055 994 1208 1047 tunc
1276 1006 1401 1047 non
1478 986 1656 1049 debet
1697 984 1867 1068 fieri
1918 986 2427 1049 commemoratio
2500 986 2835 1049 dominice,

418 1069 646 1132 Tertia
704 1081 921 1142 autem
980 1071 1158 1134 lectio
1213 1073 1557 1153 assignata
1630 1073 1946 1136 dominice
2003 1073 2074 1135 iu
2137 1071 2520 1135 dominicali
2580 1083 2830 1154 semper

402 1156 828 1220 omittuntur³
856 1159 1112 1240 quando
1142 1158 1212 1221 in
1244 1180 1319 1221 ea
1344 1159 1441 1240 fit
1466 1158 1742 1240 officium
1774 1159 1853 1222 de
1893 1159 2110 1241 aliquo
2147 1161 2326 1240 sesto
2378 1159 2670 1240 duplici:
2714 1169 2834 1223 aut

402 1244 489 1305 de
549 1253 777 1306 octaua
841 1266 924 1308 ex
988 1245 1099 1326 ijs⁴
1140 1268 1262 1327 que
1304 1247 1715 1309 continentur
1756 1247 1824 1309 in
1873 1246 2253 1321 calendario,
2295 1256 2712 1329 preterquam
2763 1247 2833 1310 in

401 1331 735 1395 dominica
768 1332 1082 1395 incidenti
1110 1332 1296 1411 infra
1325 1342 1618 1396 octauam
1653 1333 2034 1414 Epiphanie,
2068 1344 2139 1396 vt
2171 1334 2239 1396 in
2272 1355 2349 1396 ea
2380 1334 2726 1397 videbitur.

1405 1541 1864 1608 SEPTIMA⁵

848 1687 916 1757 (1
963 1681 1260 1764 Quando
1291 1681 1630 1763 agendum
1667 1682 1752 1743 sit
1783 1681 2074 1745 officium
2108 1680 2194 1744 de
2226 1680 2403 1745 feria.

544 1824 615 1894 ([
659 1817 1046 1881 Notandum
1104 1817 1281 1900 quod
1316 1818 1574 1900 quando
1619 1817 1692 1880 in
1737 1817 1963 1899 aliqua
1995 1818 2185 1897 seria
2231 1817 2486 1881 nullum
2538 1817 2848 1881 inciderit

388 1908 655 1987 festum
700 1915 821 1967 aut
861 1915 1108 1981 octaua,
1144 1903 1418 1987 officium
1451 1905 1580 1987 fiet
1629 1904 1708 1968 de
1741 1905 1951 1984 seria,
1996 1908 2084 1968 ⁶et
2134 1903 2313 1968 tunc⁶
2359 1905 2846 1979 inuitatorium‚

409 1993 660 2070 hymni,
712 1991 1070 2073 antiphone,
1121 2002 1184 2055 et
1229 1992 1437 2055 oratio
1488 1991 1761 2055 dicenda
1807 2002 1964 2055 sunt
2011 1994 2181 2055 sicut
2230 1991 2405 2055 dicta
2441 1990 2736 2071 fuerint⁷
2767 1993 2838 2055 iu

410 2080 759 2155 donu‘nica,
806 2099 927 2160 que
955 2080 1254 2159 proxime
1296 2079 1680 2160 precesserit
1723 2078 1859 2142 nisi
1896 2081 2083 2159 forte
2127 2079 2197 2142 in
2245 2077 2444 2142 dicta⁸
2489 2078 2843 2142 Domim‘ca

412 2167 801 2231 celebratum
826 2166 1058 2247 fuerit
1101 2166 1373 2247 aliquod
1396 2167 1653 2246 festum
1684 2165 1932 2247 duplex,
1961 2176 2083 2229 aut
2110 2177 2356 2230 octaua.
2460 2165 2639 2228 Tunc
2665 2166 2845 2230 enim

411 2254 797 2336 supradicta
856 2253 1126 2315 dicenda
1190 2263 1348 2316 sunt
1409 2253 1950 2334 quemadmodum
2021 2253 2198 2316 dicta
2241 2254 2557 2333 fuissent,
2629 2253 2697 2316 si
2770 2253 2841 2316 in

414 2340 745 2404 dominica
804 2361 928 2402 non
1005 2340 1334 2404 incidisset
1372 2341 1628 2419 festum
1704 2340 1952 2420 duplex,
2016 2349 2139 2403 aut
2207 2350 2450 2403 octaua.
2548 2338 2843 2417 Quedam

416 2440 639 2491 tamen
686 2438 844 2491 sunt
871 2428 1069 2508 serie,
1102 2427 1170 2490 in
1221 2427 1453 2509 quibus
1496 2448 1621 2489 non
1666 2426 1834 2490 sicut
1875 2426 1947 2489 in
1964 2427 2331 2508 precedenti
2357 2426 2703 2503 dominica,
2732 2428 2854 2490 sed

417 2515 618 2578 aliud
657 2515 1043 2595 assignatur
1085 2513 1378 2597 officium,
1412 2524 1484 2577 vt
1534 2514 1677 2577 suis
1705 2514 1857 2576 locis
1895 2513 2251 2578 videbitur.
2356 2513 2580 2576 Tertia
2624 2523 2844 2579 autem

418 2603 602 2667 lectio
632 2601 896 2684 legenda
924 2611 1020 2665 est
1047 2623 1128 2665 ex
1153 2601 1450 2683 epistolis,
1482 2612 1553 2666 vt
1578 2602 1927 2665 occurrerit
1968 2600 2309 2684 assignata
2357 2600 2427 2664 in
2459 2599 2844 2664 calendario.

420 2691 863 2770 Excipiuntur
907 2700 1125 2752 tamen
1173 2689 1255 2752 ab
1314 2690 1436 2754 lzac
1486 2689 1712 2770 regula
1740 2689 1920 2769 serie
1963 2709 2181 2752 omnes
2226 2687 2727 2770 quadragesime
2775 2689 2845 2751 in

422 2778 660 2859 quibus
681 2776 817 2840 nisi
839 2777 1140 2839 inciderit
1151 2776 1407 2856 festum
1439 2776 1674 2857 duplex
1698 2786 1819 2839 aut
1845 2776 2289 2839 celebrandum
2314 2776 2421 2852 sit,
2445 2776 2848 2838 translatum

421 2886 504 2928 ex
594 2864 733 2927 eria
792 2873 1034 2946 quarta
1100 2863 1405 2940 cinerum,
1469 2864 1576 2925 vel
1627 2884 1708 2925 ex
1761 2863 1988 2944 aliqua
2055 2862 2395 2938 dominica,
2454 2873 2706 2943 semper
2759 2863 2853 2926 sit

421 2949 699 3032 officium
744 2951 823 3012 de
845 2951 1057 3029 seria,
1086 2960 1160 3012 vt
1201 2950 1406 3014 latius
1450 2950 1806 3031 explicatur
1847 2950 1916 3013 in
1955 2950 2142 3031 seria
2172 2959 2413 3032 quarta
2445 2952 2755 3026 cinerum,
2788 2958 2852 3012 et

421 3038 681 3101 cuilibet
718 3039 897 3117 serie
961 3037 1395 3119 assignantur
1464 3048 1616 3100 tunc
1674 3038 1868 3100 tertia
1942 3037 2120 3099 lectio
2178 3046 2239 3098 et
2295 3036 2504 3100 oratio
2565 3036 2849 3117 proprie.

427 3125 765 3189 Similiter
790 3125 860 3186 in
904 3124 1190 3188 aduentu
1220 3124 1477 3187 cuilibet
1501 3124 1694 3204 ferie,
1722 3124 1980 3205 quando
2011 3124 2265 3187 nullum
2322 3124 2555 3185 incidit
2589 3125 2847 3203 festum

424 3212 809 3361 assignat-ur
857 3212 1053 3274 tertia
1110 3212 1289 3275 lectio
1348 3232 1430 3274 ex
1483 3212 1885 3274 sermonibus
1943 3220 2312 3273 sanctorum
2375 3209 2731 3291 Ambrosij,
2789 3219 2855 3273 et

500 3310 813 3380 agustini.

1419 3506 1864 3572 OCTAVA?

424 3649 495 3720 (1
545 3644 839 3727 Quando
928 3644 1119 3708 tertie
1215 3645 1532 3708 lectiones
1620 3655 2037 3707 occurrentes
2129 3645 2194 3706 in
2284 3644 2665 3706 calendario
2763 3665 2858 3707 ex

626 3731 940 3815 epistolis„
971 3742 1037 3794 et
1069 3731 1284 3794 officia
1318 3732 1633 3795 festorum
1669 3731 2067 3813 simplicium
2100 3732 2234 3794 sint
2268 3730 2658 3795 omittenda.

563 3874 631 3944 {I
674 3868 1062 3932 Notandum
1091 3869 1268 3950 quod
1291 3869 1478 3932 tertie
1520 3869 1813 3932 lectiones
1854 3869 2187 3950 assignate
2238 3868 2308 3931 in
2361 3868 2729 3933 calendario
2781 3891 2850 3931 ea

429 3956 715 4038 epistolis
785 3956 1133 4019 omittende
1204 3966 1361 4019 sunt
1419 3967 1546 4037 per
1615 3966 1821 4018 totum
1895 3956 2271 4032 aduentum,
2333 3966 2395 4017 et
2454 3966 2581 4036 per
2650 3965 2865 4018 totam·

430 4043 1026 4126 quadragesimam,
1053 4044 1206 4106 item
1233 4044 1302 4105 in
1334 4043 1631 4106 omnibus
1660 4043 2003 4105 dominicis
2030 4052 2092 4105 et
2122 4043 2192 4104 in
2224 4042 2519 4105 omnibus
2543 4041 2764 4106 sabba
2773 4044 2860 4104 tis

432 4131 635 4194 totius
662 4130 842 4206 anni,
873 4140 935 4192 et
960 4132 1464 4213 quandocunque
1476 4128 1570 4212 fit
1600 4128 1874 4212 officium
1906 4129 1983 4192 de
2011 4129 2229 4212 aliquo
2258 4151 2337 4192 cx
2358 4129 2562 4210 festis
2601 4129 2867 4192 domini

534 4283 551 4314 ¹
586 4285 751 4333 intra:
785 4296 866 4346 ⁴3·
896 4283 975 4346 63.
1003 4282 1082 4332 66.
1829 4280 1852 4313 ²
1881 4283 2298 4347 interponuntur:
2336 4294 2414 4345 39.
2443 4291 2538 4330 etc.

530 4348 555 4378 ³
598 4350 739 4398 Thus
760 4351 864 4397 also
884 4364 964 4408 44.
994 4348 1237 4398 omittitur
1261 4366 1273 4397 τ
1312 4350 1367 4397 in
1390 4348 1566 4398 others.
1835 4346 1857 4378 ⁴
1890 4348 2000 4397 his:
2039 4346 2116 4411 38.

531 4413 555 4443 ⁶
589 4412 819 4479 Regula:
855 4415 967 4463 add.
995 4426 1075 4477 43.
1105 4413 1184 4463 60.
1215 4414 1293 4464 61.
1317 4413 1396 4475 64.
1426 4414 1505 4464 66.
1841 4411 1948 4451 ⁰—⁰
1978 4430 2071 4463 om.
2101 4413 2180 4463 61.
2210 4412 2292 4476 64.

531 4479 554 4511 '¹
590 4480 823 4529 fuerunt:
860 4493 940 4541 49.
1839 4478 1860 4509 ⁸
1891 4496 1986 4528 om.
2013 4478 2094 4542 64.

531 4545 557 4575 ⁹
592 4546 822 4611 Regula:
859 4545 973 4594 add.
1000 4555 1080 4607 43.
1108 4543 1188 4594 60.
1218 4543 1297 4593 61.
1327 4543 1406 4607 63.
1436 4544 1516 4605 64.
1545 4544 1624 4594 66.
