3293 5225
503 412 569 462 66
1122 417 1418 466 DOMINI
1416 418 1505 467 CA
1543 419 1784 468 PRIMA
1835 420 1923 468 VA
1932 420 2023 468 GA
2027 419 2093 467 N
2092 419 2144 467 T
2136 420 2174 468 I
2175 419 2298 470 UM.

634 574 701 643 ΙΙ
732 565 1040 646 lQuando
1071 568 1242 632 ver0¹
1279 569 1375 652 fit
1419 570 1693 653 officium
1742 573 1822 635 de
1848 572 1972 635 hac
1997 572 2321 635 dominica
2350 581 2500 634 ante
2528 572 2915 653 septuagesi-

505 675 685 717 mam
733 665 885 718 tunc
926 656 1393 720 aduertendum
1446 669 1555 734 est,
1584 659 1759 740 qaod
1798 659 1867 722 in
1912 657 2107 722 ann09·
2150 681 2272 741 quo
2299 658 2639 740 epiphania
2670 658 2925 722 domini

505 742 753 803 venerit
780 742 850 803 in
883 744 987 806 die
1013 745 1272 807 sabbati
1294 745 1562 808 dicenda
1592 756 1690 808 est
1713 745 1820 808 lzic
1848 747 2040 809 tertia
2070 746 2263 810 lectz'o.
2361 746 2437 808 In
2472 746 2585 808 illo
2616 756 2916 827 tempore

504 847 653 890 cum
717 829 1197 893 descendisset3
1262 832 1461 895 Iesus.
1536 843 1639 896 etc.
1666 857 1689 895 .·
1771 832 1999 896 Oratio
2075 833 2524 915 Omnipotens
2591 842 2693 895 etc.
2754 854 2918 914 quas

504 914 794 980 inuenies
840 917 910 979 in
963 918 1284 981 dominica
1333 920 1609 981 secunda
1662 921 2064 1001 vagantium.
2155 920 2236 982 In
2284 919 2439 1001 aliis·
2476 930 2692 982 autem
2722 920 2919 983 annis

503 1004 864 1128 semper4z‘n
914 1004 1036 1067 ltac
1078 1006 1398 1068 dominica
1449 1006 1708 1070 dicende
1755 1018 1912 1070 sunt
1954 1007 2147 1069 tertia
2177 1007 2352 1070 lectio
2379 1017 2444 1069 et
2468 1007 2673 1070 oratio
2704 1007 2916 1088 infra·

502 1099 755 1171 scrtpta.

1042 1235 1109 1304 ΙΙ
1142 1228 1163 1266 ⁵
1178 1229 1400 1291 Tertia
1429 1230 1629 1292 lectio5
1658 1231 2003 1292 secundum
2035 1228 2387 1293 Ioannem.⁶

520 1338 655 1466 IN
691 1338 803 1401 illo
835 1350 1137 1422 tempore
1170 1343 1400 1424 nuptie
1431 1341 1603 1403 facte
1636 1352 1791 1404 sunt
1825 1343 1888 1404 in
1925 1342 2112 1405 Cana
2145 1341 2417 1415 Galilee,
2441 1350 2507 1403 et
2538 1350 2679 1403 erat
2705 1351 2918 1404 mater

625 1425 773 1488 Iesu
807 1425 939 1503 ibi,⁷
970 1438 1246 1491 vocatus
1276 1437 1376 1490 est
1407 1426 1662 1491 autem⁸
1687 1429 1891 1506 Iesus,
1912 1439 1979 1491 et
2010 1427 2316 1510 discipuli
2349 1429 2490 1491 eius
2522 1429 2605 1490 ad
2631 1429 2916 1508 nuptia5‚

505 1522 572 1662 {t
619 1512 967 1661 delficiente
998 1515 1155 1577 vino
1201 1516 1361 1578 dicit
1410 1526 1623 1579 mater
1662 1517 1802 1578 eius
1835 1516 1919 1577 ad
1953 1536 2146 1579 eum:
2198 1516 2444 1578 Vinum
2480 1536 2611 1578 non
2647 1515 2915 1579 habent.

571 1611 597 1662 t
630 1620 697 1662 re
726 1622 895 1683 iqua.

1022 1745 1089 1814 {I
1121 1739 1200 1802 H
1197 1740 1421 1802 emilia
1450 1740 1664 1803 sancti
1687 1741 1748 1803 A
1760 1740 2061 1822 agustini
2084 1740 2393 1822 Episcopi.

656 1850 808 1913 Dsit
862 1851 1175 1914 dominus
1234 1853 1416 1915 Deus
1471 1864 1732 1916 noster:
1797 1863 1869 1916 vt
1921 1851 2127 1915 donet
2173 1853 2364 1915 nobis
2412 1851 2684 1914 reddere
2731 1851 2912 1934 quod

682 1939 1142 2019 promisimus:
1181 1939 1516 2001 Hesterno
1547 1940 1724 2002 enim
1758 1940 1865 2002 die
1898 1940 1951 2002 si
1984 1940 2292 2002 meminit
2315 1939 2633 2001 sanctitas
2658 1949 2913 2001 vestra:

505 2043 656 2086 cum
690 2026 1009 2107 temporis
1041 2025 1552 2089 excluderemur
1582 2029 1891 2109 angustia
1920 2050 1934 2089 :
1981 2048 2066 2089 ne
2102 2046 2476 2089 sermonem
2527 2026 2909 2088 inchoatum

507 2110 967 2193 impleremus:
1032 2114 1096 2175 in
1153 2113 1547 2175 hodiernum
1604 2114 1782 2177 diem
1835 2114 2259 2177 distulimus:
2324 2122 2395 2176 vt
2465 2133 2595 2195 que
2669 2113 2734 2174 in
2787 2113 2911 2175 hoc

507 2198 683 2260 facto
728 2200 1113 2280 euangelice
1160 2199 1461 2263 lectionis
1507 2202 1789 2282 mystice
1838 2202 1902 2262 in
1937 2201 2367 2263 sacramentis
2398 2200 2617 2282 posita
2648 2210 2912 2263 essent:

505 2286 652 2366 ipso
706 2285 1066 2350 adiuuante
1117 2286 1529 2369 aperienter.⁹
1644 2288 1798 2351 Non
1847 2289 2071 2369 itaque
2124 2309 2293 2370 opus
2341 2298 2442 2349 est
2489 2288 2620 2349 iam
2673 2286 2913 2350 morari

505 2372 755 2436 diutius
800 2374 865 2435 in
913 2375 1451 2438 commendando
1498 2374 1816 2437 miraculo
1854 2374 1978 2437 dei.
2076 2374 2229 2456 Ipse
2259 2383 2360 2436 est
2391 2376 2568 2436 enim
2603 2374 2766 2436 deus
2798 2373 2913 2454 qui

504 2479 621 2541 per
694 2462 1071 2523 vniuersam
1150 2472 1517 2524 creaturam
1593 2461 1986 2544 quotidiana
2086 2460 2401 2525 miracula
2496 2461 2693 2523 facit:
2783 2480 2914 2542 que

501 2546 883 2610 hominibus
930 2568 1062 2610 non
1112 2548 1429 2611 facilitate
1461 2548 1576 2610 sed
1611 2549 2000 2611 assiduitate
2034 2549 2380 2611 viluerunt.
2473 2549 2653 2611 Rara
2685 2557 2909 2610 autem

503 2655 633 2716 que
685 2634 861 2697 sacta
915 2645 1072 2698 sunt
1121 2638 1208 2699 ab
1262 2637 1497 2699 eodem
1552 2636 1868 2699 domino:
1916 2636 1981 2699 id
2039 2645 2138 2698 est
2180 2657 2220 2698 a
2252 2637 2455 2699 verbo
2489 2644 2759 2718 propter
2793 2656 2910 2698 nos

503 2722 880 2785 incarnato:
943 2724 1260 2785 maiorem
1308 2732 1648 2805 stuporem
1697 2724 2077 2786 hominibus
2124 2721 2474 2786 attulere.¹⁰
2551 2724 2704 2786 Non
2755 2722 2912 2804 quia

502 2810 755 2871 maiora
799 2820 993 2872 erunt
1044 2830 1245 2891 quam
1299 2822 1454 2873 sunt
1502 2832 1581 2873 ea
1629 2831 1758 2892 que
1792 2811 2090 2893 quotidie
2122 2811 2186 2873 in
2220 2821 2519 2873 creatura
2553 2810 2747 2873 facit:
2793 2809 2912 2872 sed

503 2896 661 2978 quia
706 2897 833 2959 ista
870 2917 999 2978 que
1031 2897 1329 2979 quotidie
1362 2897 1529 2961 fiunt
1556 2910 1879 2979 tanquam
1913 2898 2197 2961 naturali
2243 2918 2435 2961 cursu
2492 2906 2916 2980 peraguntur.

509 2983 633 3045 Illa
692 3004 849 3045 vero
923 2983 1282 3048 efficaciam
1355 2986 1652 3067 potentie
1727 2996 2048 3067 tanquam
2127 2984 2451 3067 presentis
2526 2983 2915 3047 exhibuisse

503 3071 812 3133 videntur
857 3071 1063 3134 oculis
1109 3071 1474 3136 hominum.
1570 3073 1887 3136 Diximus
1919 3074 2087 3135 sicut
2128 3072 2520 3133 meministis
2555 3072 2915 3135 resurrexit

503 3178 672 3220 vnus
727 3167 1065 3221 mortuus:
1129 3160 1618 3241 obstupuerunt
1666 3179 1944 3222 omnes:
2009 3178 2159 3222 cum
2215 3158 2516 3240 quotidie
2571 3158 2751 3220 nasci
2800 3158 2914 3239 qui

506 3266 637 3308 non
678 3256 865 3309 erant
912 3266 1111 3308 nemo
1145 3247 1433 3310 miretur.
1526 3246 1637 3311 Sic
1669 3266 1913 3328 aquam
1948 3246 2012 3308 in
2048 3247 2274 3309 vinum
2306 3266 2565 3308 versam
2600 3246 2747 3328 quis
2780 3265 2913 3307 non

508 3333 826 3395 miretur?
857 3353 1007 3394 curn
1040 3334 1165 3396 hoc
1214 3334 1406 3396 annis
1452 3335 1762 3396 omnibus
1816 3336 1981 3396 deus
2032 3333 2097 3395 in
2147 3333 2393 3396 vitibus
2449 3332 2664 3395 faciat.
2780 3330 2916 3394 Sed

506 3419 661 3500 quia
710 3420 936 3482 omnia
998 3440 1128 3501 que
1187 3420 1342 3483 fecit
1403 3420 1717 3483 dominus
1782 3421 2009 3483 Iesus:
2072 3440 2204 3482 non
2267 3421 2482 3482 solum
2545 3419 2768 3481 valent
2830 3417 2916 3481 ad

506 3506 868 3569 excitanda
923 3508 1125 3569 corda
1174 3516 1399 3569 nostra
1450 3508 1819 3570 miraculis:
1897 3508 2011 3570 sed
2075 3508 2276 3569 etiarn
2337 3506 2424 3568 ad
2473 3505 2918 3568 edificandam

509 3593 880 3656 doctrinam
946 3592 1114 3657 fidei.
1238 3594 1529 3659 Scrutari
1592 3615 1714 3657 nos
1775 3605 2038 3676 oportet
2098 3593 2258 3676 quid
2323 3593 2444 3656 sibi
2509 3592 2714 3655 velint
2792 3593 2922 3654 ista

510 3680 772 3742 omnia:
821 3681 884 3741 id
920 3689 1021 3743 est
1052 3680 1213 3761 quid
1246 3680 1638 3764 significent.
1735 3682 1994 3744 Horum
2028 3682 2205 3743 enim
2239 3681 2540 3742 omnium
2587 3677 2921 3761 significa-

510 3768 726 3830 tiones
758 3768 925 3830 sicut
958 3769 1415 3844 recordamini,
1447 3768 1512 3830 in
1555 3769 1736 3831 diem
1784 3768 2176 3832 hodiernum
2224 3766 2623 3830 distulimus,
2717 3765 2920 3848 Quod

512 3865 735 3918 autern
812 3856 1122 3917 dominus
1198 3855 1518 3917 inuitatus
1579 3857 1762 3918 venit
1822 3856 1907 3917 ad
1970 3855 2277 3937 nuptias:
2351 3856 2554 3917 etiarn
2631 3863 2925 3935 excepta

515 3942 797 4023 mystica
816 3940 1299 4023 significatione
1323 3940 1761 4005 confirmare¹¹
1794 3942 2005 4005 voluit
2037 3942 2218 4024 quod
2251 3942 2391 4024 ipse
2423 3941 2593 4005 fecit.
2687 3939 2924 4003 Futuri

513 4030 689 4091 enim
753 4037 941 4090 erant
1001 4030 1086 4091 de
1144 4030 1386 4111 quibus
1454 4030 1629 4094 dixit
1705 4030 2046 4112 apostolus
2123 4030 2550 4112 prohibentes
2627 4026 2925 4090 nubere:

614 4162 628 4193 ¹
663 4164 959 4212 Notandum
983 4165 1121 4227 quod
1137 4166 1336 4229 quando
1354 4180 1372 4212 .·
1395 4163 1474 4214 60.
1502 4164 1581 4214 61.
1610 4164 1690 4224 64.
2393 4161 2416 4193 2
2449 4164 2500 4212 in
2527 4182 2538 4212 :
2575 4164 2686 4212 add.
2717 4160 2795 4224 38.
2825 4170 2929 4213 etc.

609 4226 631 4258 ⁸
662 4228 954 4278 descendit:
991 4229 1070 4291 38.
1428 4228 1450 4259 ⁴
1481 4229 1840 4295 infrascriptae:
1877 4228 1954 4292 38.
1983 4238 2078 4279 etc.
2432 4227 2539 4265 ⁶—⁶
2570 4245 2663 4278 om.
2700 4226 2778 4277 61.
2808 4226 2890 4288 64.

608 4291 630 4324 ⁶
664 4294 826 4343 Lectio
838 4295 1015 4357 prima
1038 4310 1056 4343 .·
1089 4296 1200 4344 add.
1238 4293 1317 4344 61.
1346 4294 1424 4356 64.
1478 4296 1699 4345 Lucam:
1736 4294 1814 4345 66.
1888 4294 2013 4359 Cap.
2044 4307 2074 4343 2
2098 4295 2156 4343 in
2178 4311 2243 4343 m.

608 4358 629 4391 ⁷
662 4359 787 4408 ibit:
825 4357 902 4422 38.
1816 4357 1838 4390 ⁸
1870 4369 1954 4410 et:
1990 4361 2100 4409 add.
2129 4358 2208 4409 61.
2236 4359 2316 4421 64.

609 4422 631 4455 ⁹
671 4425 811 4473 Thus
832 4426 934 4473 also
956 4424 1035 4485 64.
1063 4424 1405 4489 aperirentur:
1443 4424 1522 4489 38.
1551 4434 1645 4475 etc.
1813 4423 1853 4455 ¹⁰
1884 4425 2136 4475 attulerit:
2173 4437 2251 4488 39.

607 4488 645 4520 ¹¹
681 4491 1026 4541 cumfirmare:
1061 4502 1141 4551 41.
