3293 5225
466 445 511 486 ι
1074 400 1079 403 ’
1132 439 1309 488 J’SAL
1324 439 1506 489 TER!
1514 439 1625 489 VM
1641 457 1660 489 .·
1717 440 1812 490 [Ν
1858 441 2260 492 οοΛιῐΝισΑ.

1531 644 1856 725 Hymnus,

625 755 682 818 E
714 756 914 818 deum
950 755 1300 820 laudamus
1339 780 1352 819 :
1384 768 1451 820 te
1482 758 1830 821 dominum
1865 756 2275 823 confitemur.

709 843 809 906 Te
839 854 1140 906 eternum
1176 854 1454 926 patrem,
1485 845 1704 906 omnis
1735 855 1910 908 terra
1941 856 2309 910 veneratur.

616 929 766 991 Tibi
799 949 1033 993 omnes
1063 930 1301 1012 angeli,
1332 931 1452 994 tibi
1485 931 1626 1006 celi,
1656 943 1724 995 et
1756 933 2059 997 vniuerse
2091 944 2471 1016 potestates,

613 1017 769 1079 Tibi
805 1017 1144 1080 ¹cherubin
1177 1029 1245 1081 et
1276 1018 1629 1100 seraphin,¹
1665 1019 2040 1083 incessabili
2071 1041 2236 1083 voce
2268 1021 2706 1104 proclamant.

617 1104 921 1168 Sanctus,
1013 1103 1316 1169 Sanctus».
1409 1104 1697 1170 Sanctus
1729 1106 2043 1169 dominus
2074 1108 2236 1170 deus
2269 1109 2567 1171 sabaoth.

600 1180 803 1254 Pleni
833 1201 990 1254 sunt
1021 1192 1162 1263 celi
1193 1204 1260 1255 et
1293 1203 1467 1255 terra
1499 1194 1868 1256 maiestatis
1899 1194 2107 1275 glorie
2137 1205 2268 1260 tue.

615 1278 716 1340 Te
746 1278 1075 1358 gloriosus
1107 1279 1563 1362 apostolorum
1597 1280 1854 1344 ehoruS.

614 1365 715 1427 Te
746 1365 1218 1448 prophetarum
1253 1366 1604 1429 laudabilis
1636 1388 1970 1431 numerus,

616 1452 715 1514 Te
748 1462 1115 1535 martyrum
1148 1453 1545 1517 candidatus
1578 1453 1808 1518 laudat
1840 1456 2188 1519 exereitus.

614 1538 713 1601 Te
746 1560 862 1622 per
890 1540 1117 1602 orbem
1151 1551 1470 1604 terrarum
1504 1553 1738 1605 sancta
1769 1541 2122 1605 confitetur
2149 1543 2446 1607 ecclesia.

616 1626 879 1689 Patrem
914 1627 1238 1690 immense
1272 1629 1655 1692 maiestatis,

615 1712 1091 1777 Venerandum
1124 1724 1313 1778 tuum
1347 1735 1575 1778 verum
1615 1739 1627 1778 :
1661 1726 1729 1779 et
1758 1717 2027 1780 vnicum
2063 1715 2289 1779 filium.

613 1799 936 1865 Sanctum
972 1821 1240 1883 quoque
1273 1801 1685 1884 paracletum
1721 1804 2044 1886 spiritum.

606 1887 717 1950 Tu
752 1908 870 1950 rex
902 1887 1108 1969 glorie
1140 1887 1418 1952 Christe.

605 1974 718 2037 Tu
751 1975 957 2057 patris
987 1975 1429 2059 sempiternus
1461 1997 1533 2039 es
1564 1975 1753 2040 filius,

605 2061 717 2124 Tu
808 2062 891 2124 ad
969 2062 1383 2126 liberandum
1460 2074 1889 2146 suscepturus
1963 2064 2302 2127 hominem
2339 2087 2352 2126 :
2385 2085 2518 2127 non
2595 2065 2903 2135 horruisti

479 2149 753 2231 virginis
782 2159 1057 2213 vterum.

613 2236 719 2298 Tu
795 2236 1062 2298 deuicto
1141 2239 1372 2300 mortis
1449 2238 1684 2301 aculeo
1774 2239 2090 2320 aperuisti
2181 2239 2608 2302 credentibus
2701 2259 2902 2320 regna

482 2323 789 2386 celorum.

615 2410 719 2473 Tu
754 2411 836 2473 ad
869 2411 1220 2473 dexteram
1254 2411 1360 2474 dei
1392 2413 1585 2475 sedes
1617 2412 1683 2474 in
1719 2411 1930 2494 gloria
1963 2412 2184 2493 patris,

621 2498 835 2561 Iudex
869 2499 1151 2560 crederis
1183 2519 1327 2561 esse
1359 2511 1696 2562 venturus,

614 2585 715 2648 Te
773 2606 934 2670 ergo
1009 2605 1372 2667 quesumus
1447 2587 1578 2650 tuis
1654 2585 1920 2650 famulis
1997 2586 2277 2650 subueni
2315 2610 2328 2649 ε
2361 2606 2529 2669 quos
2601 2587 2902 2670 precioso

464 2675 808 2757 sanguine
841 2673 1194 2737 redemisti.

616 2761 911 2823 Aeterna
944 2759 1045 2823 sac
1077 2780 1228 2823 cum
1263 2762 1509 2823 sanctis
1541 2763 1673 2824 tuis
1705 2761 1941 2844 ²gloria
1974 2762 2353 2824 numerari.²

608 2846 892 2911 Saluum
930 2847 1031 2910 fac
1064 2848 1385 2930 populum
1419 2860 1608 2912 tuum
1644 2849 1912 2911 domine
1946 2859 2013 2910 et
2046 2848 2327 2911 benedic
2359 2848 2711 2910 hereditati
2748 2859 2875 2911 tue.

606 2935 708 2998 Et
742 2955 894 3016 rege
925 2956 1057 3010 eos),
1089 2945 1155 2997 et
1187 2935 1440 2999 extolle
1473 2934 1619 2998 illos
1654 2955 1860 3016 vsque
1892 2937 1955 2997 in
1990 2947 2312 2998 eternum.

609 3022 743 3085 Per
769 3021 1067 3104 singulos
1098 3024 1241 3085 dies
1273 3023 1730 3085 benedicimus
1760 3031 1845 3084 te

617 3110 709 3173 Et
769 3109 1121 3172 laudamus
1198 3129 1441 3172 nomen
1519 3122 1712 3171 tuum
1792 3110 1857 3171 in
1936 3109 2285 3172 seculum:
2318 3117 2386 3171 et
2464 3108 2527 3169 in
2607 3097 2900 3172 seculum

484 3196 710 3261 seculi.

619 3284 918 3368 Dignare
949 3283 1221 3345 domine
1253 3282 1361 3345 die
1392 3284 1521 3345 isto
1551 3284 1696 3345 sine
1728 3292 2003 3363 peccato
2037 3303 2155 3345 nos
2187 3284 2537 3347 custodire.

624 3371 935 3434 Miserere
971 3370 1175 3432 nostri
1207 3371 1478 3432 domine
1514 3393 1527 3432 ε
1563 3371 1870 3432 miserere
1904 3372 2128 3434 nostri.

622 3459 771 3521 Fiat
847 3456 1294 3519 misericordia
1369 3466 1484 3519 tua
1545 3458 1817 3519 domine
1879 3478 2077 3540 super
2138 3478 2306 3520 nos:
2339 3457 2904 3539 quemadmodum

490 3545 903 3630 sperauimus
937 3544 1001 3606 in
1035 3554 1117 3606 te.

626 3633 705 3696 In
738 3643 805 3695 te
836 3632 1104 3695 domine
1137 3631 1442 3711 speraui:
1478 3649 1608 3692 non
1642 3630 2058 3693 confundar
2042 3652 2106 3693 ιη
2139 3642 2459 3694 eternum.

1156 3798 1221 3867 (1
1255 3793 1377 3855 Ad
1398 3793 1667 3857 laudes.·'³
1755 3794 2069 3857 psalmus
2099 3794 2247 3857 lxv.

509 3910 847 4040 IVbilate
882 3908 1009 3971 deo
1038 3908 1257 3970 omnis
1291 3916 1464 3969 terra
1614 3907 2130 3970 misericordiam
2165 3929 2352 3971 suam
2387 3928 2426 3971 a
2460 3928 2582 3971 me.

596 4192 646 4226 ¹-
649 4190 664 4220 ¹
701 4189 971 4241 Cherubim
996 4198 1045 4237 et
1068 4187 1352 4251 seraphim.
1390 4187 1468 4250 63.

594 4257 616 4287 ²
617 4255 671 4294 -2
704 4256 755 4305 in
789 4254 946 4321 gloria
986 4252 1267 4302 munerari:
1313 4252 1415 4316 38;
1463 4252 1514 4301 in
1551 4254 1709 4317 gloria
1749 4254 2025 4303 numerari:
2062 4267 2140 4314 41.
2169 4267 2248 4315 49.
2279 4254 2360 4303 61.
2386 4254 2466 4318 63.
2494 4254 2574 4315 64.
2603 4253 2704 4311 66;
2753 4253 2912 4318 gloria

497 4318 1010 4437 mussegshilmgoz’
1015 4384 1161 4433 laude
1197 4394 1244 4433 et
1286 4383 1555 4459 gratiarum
1591 4384 1787 4434 actione
1827 4393 2028 4449 propter
2066 4400 2218 4449 opera
2260 4384 2357 4434 Dei
2403 4384 2670 4440 mirabilia,
2718 4400 2776 4434 ac
2824 4400 2915 4447 pro

498 4455 717 4521 gloriosa
738 4463 1006 4527 martyrum
1030 4459 1079 4499 et
1104 4449 1449 4499 tribulatorum
1473 4448 1701 4508 victoria,
1726 4465 1785 4499 ac
1807 4449 2148 4500 consolatione
2170 4449 2384 4501 diuina.
2420 4451 2535 4499 add.
2569 4449 2649 4499 61.
2679 4459 2774 4499 etc.

601 4517 777 4568 Deus
764 4533 816 4566 m
837 4515 1152 4566 adiutorium.
1226 4514 1550 4577 Antzphona:
1576 4515 1692 4564 add.
1717 4514 1796 4578 63.
