3293 5225
250 448 412 497 Dae.
444 445 553 506 κα]
900 447 954 494 S.
995 444 1450 495 STEPHANUS
1481 444 1624 495 PRO
1637 445 2065 495 ToMARTYR.
2595 442 2693 506 369

256 600 559 663 Moisem
644 599 1039 682 protulisset.
1164 600 1397 680 Itaque
1462 599 1670 682 plebe,
1730 619 1808 662 ac
1869 599 2255 674 senioribus,
2332 609 2400 662 et
2460 598 2689 662 scribis

247 688 614 750 concitatis
688 706 1143 768 concursuque
1211 686 1388 749 sacto
1465 688 1530 748 in
1595 686 2012 769 Stephanum
2069 707 2307 749 manus
2369 686 2689 769 inijciunt,

252 774 621 856 ipsumque
689 773 775 836 ad
842 773 1193 836 concilium
1262 773 1674 850 abstrahunt,
1733 773 2077 837 submissis
2145 774 2324 836 salsis
2393 773 2671 838 testibus

253 863 383 942 qui
448 860 741 924 dicerent
791 862 1006 943 ipsum
1073 862 1136 923 in
1193 860 1410 923 locum
1462 871 1766 923 sanctum
1821 870 1890 923 et
1942 861 2157 943 legem
2210 862 2477 924 solitum
2540 881 2685 924 esse

251 949 687 1012 continenter
734 947 908 1011 male
970 948 1149 1029 loqui
1203 955 1271 1010 et
1318 947 1646 1010 affirmare
1707 948 1926 1010 lesum
1992 948 2412 1012 Nazarenum
2464 948 2682 1010 locum

254 1035 455 1098 illum
532 1056 674 1098 esse
750 1034 1218 1098 demoliturum
1296 1044 1362 1097 et
1439 1055 1672 1109 moreS,
1747 1054 1914 1115 quos
1994 1035 2216 1098 Moses
2291 1034 2688 1111 tradidisset,

257 1132 700 1186 mutaturum.
794 1122 1094 1203 Rogatus
1115 1123 1313 1203 igitur
1342 1142 1382 1184 a
1409 1121 1812 1204 principibus
1842 1121 2259 1184 sacerdotum
2293 1132 2509 1184 vtrum
2531 1142 2686 1184 vera

254 1217 508 1283 essent,
554 1229 684 1291 que
717 1210 838 1291 ipsi
885 1208 1317 1284 obicerentur,
1348 1208 1546 1290 longe
1593 1209 1874 1291 repetita
1921 1210 2311 1285 narratione,
2345 1209 2554 1272 multa
2601 1208 2684 1271 de

256 1295 496 1377 figuris
542 1297 779 1358 veteris
825 1292 1223 1370 testamenti,
1267 1315 1396 1377 que
1442 1305 1793 1358 venturum
1841 1295 2156 1358 christum
2205 1295 2687 1378 significabant,

259 1382 482 1445 multa
527 1385 728 1445 etiam
775 1382 860 1446 de
909 1382 1247 1446 iudeorum
1297 1384 1665 1445 inueterata
1726 1380 2018 1466 perfidia,
2062 1392 2129 1446 et
2176 1383 2561 1466 peruicacia,
2606 1403 2684 1445 ac

261 1470 740 1552 prophetarum
834 1471 1286 1552 persecutione
1364 1469 1688 1533 disseruit.
1807 1468 2069 1551 Quibus
2157 1469 2503 1533 audientes
2593 1469 2684 1532 illi

260 1576 677 1639 magnopere
721 1558 1197 1619 cruciabantur.
1291 1555 1616 1638 Spectans
1678 1577 1872 1639 porro
1920 1558 1984 1619 in
2030 1555 2266 1632 celum,
2313 1557 2489 1620 Ecce
2533 1555 2686 1638 (ait)

259 1642 466 1706 video
512 1643 688 1706 celos
733 1654 1015 1726 apertoS,
1059 1654 1127 1706 et
1158 1641 1365 1706 filium
1400 1643 1689 1706 hominis
1733 1653 2021 1707 stantem
2055 1664 2094 1705 a
2126 1644 2383 1707 dextris
2426 1644 2686 1706 virtutis

261 1729 396 1794 dei.
491 1730 593 1793 Illi
652 1751 808 1794 vero
867 1731 1324 1794 exclamantes
1370 1750 1532 1793 voce
1594 1751 1857 1814 magna,
1909 1730 2439 1812 comprimebant
2499 1750 2689 1793 aures

259 1836 442 1893 suaS,
472 1827 540 1880 et
592 1838 743 1880 eum
800 1819 1052 1900 impetu
1109 1818 1285 1880 sacto
1333 1827 1526 1880 extra
1574 1817 1802 1880 vrbem
1854 1818 2204 1895 eiecerunt,
2234 1828 2302 1881 et
2356 1817 2688 1900 lapidibus

257 1904 639 1967 obruebant
713 1906 1134 1968 inuocantem
1211 1915 1279 1967 et
1351 1904 1730 1968 dicentem:
1851 1904 2142 1968 Domine
2218 1906 2355 1968 iesu
2431 1906 2688 1987 suscipe

258 1992 572 2073 spiritum
638 2012 860 2054 meum
926 1992 1269 2054 Postremo
1322 2011 1473 2054 cum
1524 1991 1806 2073 genibus
1866 1990 2060 2054 flexis
2114 1992 2467 2055 clamasset
2527 2013 2689 2055 voce

266 2099 517 2161 magna
582 2078 874 2142 Domine
937 2100 1019 2141 ne
1080 2088 1334 2141 statuas
1409 2078 1534 2140 illis
1595 2077 1721 2141 hoc
1797 2089 2165 2160 peccatum,
2226 2080 2539 2162 migrauit
2600 2078 2687 2142 ad

262 2165 639 2229 dominum.

1280 2345 1403 2407 Ad
1425 2345 1664 2410 laudes.

399 2457 795 2537 Antiphona.
891 2456 1317 2539 Lapidabant
1366 2456 1782 2539 Stephanum
1849 2457 2292 2530 inuocantem,
2338 2467 2406 2521 et
2466 2458 2687 2521 dicen-

263 2552 405 2605 tem
443 2567 455 2605 :
549 2545 838 2608 Domine
886 2546 1022 2607 iesu
1071 2545 1330 2628 suscipe
1376 2545 1679 2628 spiritum
1729 2564 1972 2620 meum,
2017 2553 2083 2606 et
2130 2565 2214 2607 ne
2261 2554 2517 2607 statuas
2564 2544 2688 2607 illis

273 2629 399 2692 hoc
427 2644 792 2712 peccatum.

409 2717 652 2781 Oratio.
747 2719 854 2780 Da
886 2719 1076 2782 nobis
1107 2738 1483 2800 quesumus,
1518 2727 1590 2779 vt
1616 2730 1833 2799 supra.

401 2804 655 2866 Deinde
697 2816 825 2887 pro
881 2807 1469 2868 commemoratione
1533 2806 1912 2868 natiuitatis
1980 2805 2236 2870 dieitur.
2359 2806 2687 2869 OremuS.¹

270 2889 520 2954 Oratio,
613 2891 922 2956 Concede
954 2891 1358 2974 quesumus}

1248 3071 1309 3133 A
1319 3071 1372 3132 d
1395 3082 1704 3151 vesperas.

400 3181 725 3262 Hymnus.
818 3182 1003 3246 Deus
1036 3193 1298 3246 tuorum
1337 3182 1469 3246 etc.3

398 3268 793 3351 Antiphona.
886 3269 1303 3351 Sepelierunt
1347 3279 1570 3333 autem
1622 3268 2038 3352 Stephanum
2087 3269 2205 3332 viri
2252 3269 2560 3346 timorati,
2615 3279 2684 3333 et

271 3355 565 3418 fecerunt
597 3356 937 3439 planctum
972 3377 1291 3439 magnum
1325 3378 1522 3440 super
1551 3377 1721 3420 eum.

407 3443 650 3507 Oratio,
742 3443 850 3506 Da
884 3444 1089 3507 nobis,

694 3632 948 3694 Deinde
963 3643 1088 3712 pro
1117 3632 1706 3694 commemoratione
1732 3632 1946 3694 sancti
1968 3630 2015 3693 J
2009 3632 2253 3696 oannis,

402 3743 802 3824 Antzjolzona.
898 3743 1031 3807 Iste
1062 3754 1163 3806 est
1199 3743 1484 3806 Ioannes
1513 3745 1626 3825 qui
1653 3763 1849 3826 supra
1876 3753 2105 3826 pectus
2136 3744 2387 3806 domini
2417 3746 2480 3805 in
2514 3765 2679 3808 cena

275 3829 583 3907 recubuit,
617 3830 860 3893 Beatus
892 3831 1249 3913 apostolus,
1280 3832 1383 3893 cui
1419 3831 1708 3894 reuelata
1740 3840 1894 3893 sunt
1925 3841 2175 3894 secreta
2205 3831 2487 3895 celestia.

1165 4004 1467 4069 OremuS.
1563 4004 1807 4069 Oratio.

289 4114 732 4243 ECclesiam
787 4126 969 4179 tuam
1021 4117 1290 4179 domine
1337 4117 1664 4199 benignus
1711 4116 1980 4193 illustra,
2028 4126 2099 4179 vt
2175 4117 2349 4180 beati
2405 4117 2676 4181 Ioannis

435 4203 716 4285 apostoli
780 4205 874 4266 tui
934 4214 1001 4267 et
1061 4204 1468 4286 euangeliste
1525 4203 1895 4266 illuminata
1956 4204 2290 4281 doctriniS,
2351 4204 2437 4267 ad
2500 4205 2677 4268 dona

271 4291 608 4371 perueniat
640 4292 1041 4373 sempiterna
1074 4315 1087 4353 ε
1120 4312 1250 4373 per.

366 4438 379 4469 ¹
413 4457 505 4489 om.
537 4440 614 4490 60.
1553 4439 1577 4471 ²
1608 4449 1665 4490 vt
1687 4443 1745 4490 in
1768 4444 1882 4492 dic:
1914 4442 2030 4492 add.
2061 4455 2139 4506 39.
2170 4456 2248 4504 41.

363 4504 382 4534 ³
414 4506 628 4556 militum
652 4525 664 4556 ε
701 4514 756 4554 vt
778 4508 834 4555 in
857 4509 1112 4556 communi
1130 4508 1282 4556 vuius
1306 4508 1582 4571 martyris:
1615 4520 1693 4570 39.
1724 4520 1802 4568 41.
1875 4508 1984 4568 [See
2007 4509 2169 4568 below,
2198 4524 2246 4573 p.
2277 4510 2416 4571 377.]

353 4586 505 4636 B.R.
543 4586 612 4636 N.
2286 4592 2320 4636 2
2373 4589 2414 4637 B
