3293 5225
1690 460 1788 492 ΧΧΧ

1108 687 1484 753 PAVLVS
1580 688 1828 751 PAPA
1918 685 2371 753 TERTIVS¹

537 826 1001 956 DILECTI
1098 824 1268 907 Filij,
1343 825 1623 888 salutern
1703 834 1771 888 et
1847 824 2311 908 Apostolicam
2401 825 2932 891 benedictionem

764 913 1174 977 Breuiarium
1267 913 1473 975 diuini
1565 910 1759 993 officij
1854 911 2035 994 quod
2103 912 2383 975 dilectus
2459 911 2634 976 filius
2710 925 2935 978 noster

523 1002 914 1065 Franciscus
945 1000 1120 1064 tituli
1151 1008 1401 1063 sanctae
1428 999 1658 1063 Crucis
1691 999 1755 1061 in
1795 999 2153 1062 Ierusalem
2183 1000 2535 1081 Presbyter
2558 999 2930 1065 Cardinalis

515 1100 719 1153 antea
779 1087 972 1151 nobis
1045 1086 1368 1159 oblatum,
1430 1106 1642 1169 nuper
1701 1086 1893 1149 nobis
1967 1085 2285 1150 consultis
2347 1096 2550 1169 atque
2617 1088 2931 1152 adhibitis

520 1177 735 1240 doctis
780 1186 846 1239 et
894 1174 1329 1258 prudentibus
1377 1174 1551 1249 viriS,
1598 1172 1824 1255 aliqua
1870 1172 2185 1237 addendo
2233 1182 2433 1256 atque
2483 1174 2931 1238 immutando⁵³

518 1273 717 1347 prout
820 1262 1239 1325 commodius
1342 1260 1558 1337 duxit,
1663 1280 1926 1322 summa
2029 1281 2185 1324 cura
2289 1270 2490 1343 atque
2586 1262 2930 1345 diligentia

512 1350 922 1434 recognouit,
952 1358 1155 1431 atque
1186 1346 1271 1410 ad
1306 1357 1598 1411 veterum
1630 1355 2012 1410 sanctorum
2049 1348 2319 1411 Patrum
2352 1347 2933 1431 Conciliorumque

518 1438 840 1513 instituta,
885 1456 962 1498 ac
1024 1435 1364 1499 meliorem
1427 1436 1739 1516 precandi
1801 1434 2019 1512 ritum,
2078 1443 2146 1497 et
2206 1454 2506 1498 normam
2570 1435 2926 1500 faciliorem

514 1524 1020 1605 breuioremque
1051 1522 1324 1605 redegit,
1353 1532 1424 1585 vt
1456 1521 1672 1584 clerici
1718 1522 1858 1584 eius
1891 1520 2037 1583 libri
2069 1520 2299 1584 ordine
2345 1542 2421 1585 ac
2467 1522 2792 1586 breuitate
2842 1524 2927 1586 ad

520 1610 837 1694 legendas
915 1608 1062 1672 Deo
1152 1608 1574 1690 quotidianas
1654 1627 1880 1691 preces
1969 1609 2184 1691 magis
2273 1608 2661 1686 alliciantur,
2736 1611 2924 1674 vobis

513 1696 943 1782 imprimendi
975 1706 1176 1778 atque
1206 1696 1537 1759 vendendi
1570 1694 1952 1759 facultatem
1985 1694 2455 1759 concedimus.³
2545 1697 2637 1761 Et
2661 1696 2930 1780 insuper

516 1785 826 1849 omnibus
870 1793 937 1847 et
981 1782 1260 1865 singulis
1305 1782 1555 1846 clericis
1585 1803 1663 1845 ac
1696 1781 2114 1864 presbyteriS,
2144 1783 2479 1846 duntaxat
2509 1784 2927 1859 secularibus

510 1874 629 1955 qui
676 1871 1055 1936 huiusmodi
1103 1869 1514 1932 Breuiarium
1570 1869 1842 1932 recitare
1893 1869 2239 1946 voluerint,
2269 1870 2713 1947 concedimus
2744 1870 2925 1953 quod

517 1959 603 2022 ad
647 1959 949 2023 breuiarii
996 1958 1287 2038 antiquae
1334 1956 1830 2020 consuetudinis
1879 1956 2224 2020 Romanae
2271 1958 2485 2031 curiae,
2519 1958 2622 2021 vel
2660 1958 2927 2022 alterius

521 2046 856 2122 Ecclesiae,
915 2044 1095 2126 quod
1159 2045 1222 2107 in
1285 2064 1403 2106 vsu
1474 2043 1598 2106 hoc
1676 2053 1976 2126 tempore
2050 2043 2389 2120 habeatur,
2472 2045 2924 2109 recitationem

514 2134 791 2197 minime
839 2141 1229 2195 teneantur:
1275 2131 1390 2193 sed
1441 2130 1633 2193 huius
1688 2129 2030 2192 nouissimi
2063 2131 2345 2194 lectione
2398 2131 2670 2213 perinde
2730 2153 2808 2195 ac
2869 2133 2925 2196 si

515 2232 708 2284 vetus
769 2220 1081 2302 legissent
1127 2218 1517 2281 satisfecisse
1563 2227 1974 2294 censeantur,
2019 2215 2390 2281 dummodo
2420 2238 2647 2282 eorum
2680 2220 2923 2300 singuli

517 2307 872 2390 specialem
919 2327 1116 2389 super
1159 2305 1285 2368 hoc
1334 2305 1718 2367 facultatem
1767 2301 1807 2366 a
1857 2302 2032 2368 Sede
2093 2305 2459 2387 apostolica
2503 2306 2925 2383 obtinuerint,

509 2414 719 2476 quam
782 2414 899 2475 per
969 2393 1179 2456 solam
1259 2394 1671 2474 signaturam
1747 2389 1998 2472 absque
2071 2392 2202 2454 alia
2263 2392 2563 2474 impensa
2622 2394 2923 2475 expediri

516 2481 1000 2544 mandabimus
1166 2478 1427 2561 Quibus
1545 2499 1701 2541 vero
1834 2488 1988 2541 ante
2106 2478 2485 2541 huiusmodi
2607 2480 2921 2562 Breuiarij

514 2568 1035 2651 recognitionem
1111 2585 1190 2629 ea
1266 2563 1528 2649 legendi
1620 2565 1901 2630 facultas
1974 2565 2135 2629 data
2222 2574 2340 2644 est,
2412 2586 2528 2630 eos
2609 2566 2924 2632 *volumus

504 2657 598 2720 ad
625 2675 870 2719 nouam
903 2652 1283 2718 facultatem
1318 2654 1752 2716 obtinendam
1787 2652 2057 2717 minime
2087 2653 2379 2737 astringi.

650 2743 909 2806 Harum
970 2760 1236 2822 quoque
1297 2740 1631 2803 literarum
1693 2739 2023 2824 exemplis
2086 2760 2288 2804 manu
2351 2740 2611 2805 Notarii
2674 2742 2921 2824 publici

513 2829 916 2913 subscriptiS,
989 2838 1054 2891 et
1128 2826 1348 2908 sigillo
1424 2826 1698 2910 praelati,
1771 2848 1886 2891 seu
1963 2848 2264 2910 personae
2340 2829 2404 2891 in
2482 2829 2923 2894 ecclesiastica

509 2917 840 2998 dignitate
884 2915 1260 2978 constitutae
1309 2914 1596 2988 munitiS,
1631 2913 1897 2997 plenam
1931 2914 2129 2978 fidem
2163 2924 2302 2978 tam
2336 2915 2400 2977 in
2435 2915 2676 2979 iudicio
2721 2937 2924 2998 quam

503 3016 724 3080 extra,
782 3002 960 3064 haud
1022 3023 1210 3065 secus
1271 3001 1497 3064 haberi
1561 3002 1867 3064 volumus
1927 3020 2127 3082 quam
2178 3003 2231 3064 si
2294 3002 2502 3066 literae
2569 3004 2925 3085 originales

504 3090 996 3154 exhiberentur.

645 3176 898 3240 Datum
950 3175 1165 3252 Rome
1207 3175 1385 3257 apud
1441 3185 1745 3238 sanctum
1783 3174 2084 3237 Marcum
2120 3176 2243 3239 sub
2271 3176 2521 3240 annulo
2557 3176 2922 3259 piscatoriS‚

511 3264 619 3328 die
650 3265 846 3328 tertio
884 3262 1051 3343 Iulij.
1128 3263 1377 3325 Anno,⁴
1407 3259 1587 3325 MD.
1615 3261 1952 3325 XXXVI.
1982 3263 2410 3327 Pontificatus
2432 3265 2655 3329 nostri.
2717 3265 2925 3328 Anno

500 3352 817 3422 Secundo·
2471 3376 2778 3442 ΒΙοείιιε.δ

603 3528 626 3624 ὲ
668 3529 790 3578 This
810 3529 953 3642 latter
971 3528 1017 3575 is
1003 3525 1201 3640 8samad
1217 3527 1274 3574 in
1300 3536 1377 3588 37.
1409 3524 1485 3588 38.
1517 3537 1594 3588 39.
1624 3538 1705 3586 41.
1734 3526 1821 3574 but
1843 3534 1928 3574 not
1949 3528 2008 3574 in
2030 3527 2112 3575 the
2134 3528 2264 3576 later
2281 3529 2506 3579 editions.

658 3594 831 3642 imitan
868 3609 934 3642 o:
1037 3629 1049 3643 .

605 3657 627 3689 ³
659 3659 850 3709 Ceteris
905 3604 1022 3707 verb
1075 3656 1309 3706 omnibus
1362 3655 1743 3720 impressoribus
1797 3665 1846 3706 et
1902 3657 2191 3722 bibliopolis
2236 3658 2405 3717 (etiam
2451 3659 2529 3711 his
2571 3661 2752 3736 quibus
2795 3673 2914 3713 ante

510 3724 791 3774 huiusmodi
836 3721 1225 3787 recognitionem
1272 3721 1321 3770 id
1369 3721 1528 3770 facere
1574 3721 1811 3781 licuisset)
1851 3722 1917 3771 ab
1961 3722 2080 3773 hinc
2123 3722 2187 3772 ad
2228 3732 2388 3773 totum
2431 3725 2810 3788 quadriennium
2851 3745 2915 3779 ne

510 3790 653 3839 vobis
674 3788 842 3838 inuitis
865 3797 948 3837 aut
983 3786 1264 3852 imprimere
1297 3797 1380 3834 aut
1405 3786 1580 3836 venale
1614 3786 1798 3835 habere
1832 3786 2080 3836 audeant:
2102 3788 2195 3837 sub
2229 3804 2358 3854 pena
2392 3792 2914 3843 excommunicationis

511 3855 690 3918 vbique
736 3864 783 3903 et
827 3854 880 3902 in
925 3852 1067 3902 terris
1111 3851 1295 3901 nostris
1338 3851 1488 3900 etiarn
1534 3851 1815 3901 amissionis
1870 3852 2106 3902 librorum
2163 3863 2213 3903 et
2268 3853 2468 3919 insuper
2521 3856 2914 3924 vigintiquinque

506 3936 765 3969 aureorum
788 3918 983 3994 quoties
1005 3926 1176 3967 contra
1198 3917 1439 3975 venerint,
1467 3917 1610 3966 vobis
1632 3933 1662 3965 a
1702 3916 2042 3981 plicandorum
2077 3934 2208 3983 pena
2241 3917 2536 3970 inhibemus
2611 3923 2913 3975 Mandantes

509 3986 844 4048 gubernatori,
870 3981 1104 4041 senatori,
1130 3982 1403 4045 ceterisque
1427 3982 1662 4031 tribunali
1698 3998 1756 4030 us
1778 3983 1939 4032 almae
1961 3982 2097 4033 vrbis
2119 4001 2131 4031 ε
2153 3993 2205 4032 vt
2227 3984 2346 4032 dum
2370 4001 2400 4033 a
2422 3986 2564 4035 vobis
2585 3988 2912 4062 requirentur,

508 4052 559 4100 in
604 4050 892 4099 executione
938 4047 1179 4097 dictarum
1225 4063 1462 4111 penarum
1499 4047 1643 4096 vobis
1687 4046 1904 4106 faueant,
1946 4057 1994 4097 et
2041 4058 2298 4112 presentes
2342 4049 2510 4100 literas
2565 4051 2917 4104 inuiolabiliter

501 4114 754 4166 obseruari
776 4123 979 4164 curent:
1015 4114 1126 4162 add.
1155 4124 1233 4174 39.
1262 4125 1341 4172 41.

601 4179 623 4211 ⁴
653 4181 790 4229 omit.
819 4192 897 4242 39.
926 4191 1007 4239 41.
1847 4207 1868 4222 -
1966 4175 1987 4207 ⁸
2020 4178 2069 4227 A
2092 4187 2247 4243 tergo.

617 4245 827 4295 Dilectis
868 4244 980 4293 filiis
1021 4243 1156 4291 Luce
1195 4243 1400 4291 antonio
1439 4253 1487 4291 et
1527 4242 1658 4300 filiis,
1701 4257 1761 4291 ac
1809 4242 1996 4292 Iacobo
2034 4252 2084 4292 et
2131 4245 2404 4295 Benedicto
2425 4244 2489 4295 de
2510 4246 2679 4307 iuntis,
2720 4264 2917 4299 necnon

514 4311 735 4361 Antonio
758 4310 927 4368 blado,
955 4318 1004 4357 et
1028 4308 1252 4357 Antonio
1276 4308 1557 4356 salamanoe
1581 4307 1817 4356 librorum
1841 4307 2250 4372 impressoribus:
2285 4311 2396 4359 add.
2427 4323 2504 4373 39.
2533 4325 2611 4371 4¹.

607 4389 650 4437 «Ι
686 4377 763 4425 Ex
788 4374 1110 4440 permissione
1133 4373 1310 4421 summi
1336 4373 1600 4437 pontificis,
1627 4371 1898 4422 accedente
1921 4389 2163 4424 consensu
2182 4375 2514 4439 predictorum
2534 4377 2916 4442 bibliopolarum

510 4441 719 4491 Iolanda
764 4441 1069 4489 bonhomme
1113 4438 1312 4488 excudit
1360 4438 1559 4498 Parisiis
1604 4441 1699 4487 hcc
1744 4437 2075 4491 breuiariumz
2136 4451 2337 4506 sumpto
2380 4441 2447 4490 ab
2492 4441 2588 4490 illis
2644 4444 2917 4509 exemplari

503 4506 727 4571 Venetijs
748 4506 1006 4570 impresso·
1034 4505 1146 4553 αιίιί.
1174 4516 1254 4564 41.
