3293 5225
258 377 431 428 sams.
471 391 546 439 29.
557 379 576 439 ]
795 379 887 426 SS.
933 378 1218 427 cOSMAs
1255 377 1367 426 ET
1385 377 1799 427 DAMJANUS
1826 393 1843 425 .·
1888 378 1944 430 S.
1977 376 2342 426 MJCHAEJ..
2592 389 2618 436 3
2624 388 2651 438 3
2658 387 2685 440 5

699 555 756 620 C
749 578 962 618 ostreas
989 567 1054 619 et
1080 556 1459 618 Damz'anus
1490 566 1821 634 martyres,
1912 554 2122 617 Lectio
2154 555 2290 636 .izj.¹

403 680 648 745 Osmas
723 693 790 745 et
871 683 1246 745 Damianus
1309 681 1538 745 fratres
1610 682 1674 742 in
1740 681 1929 762 Egea
1990 681 2147 744 vrbe
2210 679 2463 742 Arabie
2526 681 2682 755 nati,

444 789 826 850 quanquam
861 780 1049 832 erant
1096 781 1236 831 arte
1293 769 1620 830 medicine
1676 769 1876 843 docti,
1926 768 2138 851 magis
2188 776 2412 829 tamen
2456 768 2679 831 christi

258 855 513 919 virtute
574 857 904 918 sanabant
965 876 1198 918 omnes
1275 855 1710 918 infirmitates
1805 854 2005 937 Quod
2083 855 2360 917 audiens
2446 855 2684 935 Lysias

262 963 492 1023 preses
527 944 951 1006 Diocletiano
984 952 1051 1005 et
1087 943 1508 1004 Maximiano
1541 941 2066 1024 imperatoribuS‚
2089 942 2329 1004 adduci
2362 962 2477 1004 eos
2504 944 2586 1005 ad
2611 963 2680 1005 se

261 1030 468 1092 iubet.
563 1030 694 1112 Qui
729 1050 880 1091 cum
915 1030 1001 1091 ab
1033 1050 1113 1091 eo
1147 1031 1532 1112 interrogati
1561 1031 1848 1103 nomina,
1879 1030 2266 1110 patriam,et
2292 1028 2677 1110 religionem

262 1117 731 1179 incunctanter
789 1117 1276 1198 exposuissent,
1340 1137 1576 1178 manus
1655 1118 1991 1197 pedesque
2066 1117 2284 1191 vincti,
2362 1118 2678 1197 quoniam

261 1205 330 1266 di
335 1204 399 1284 js
441 1202 805 1266 sacrificare
838 1214 1317 1278 recusauerant,
1351 1204 1830 1265 immanissime
1862 1213 2268 1284 torquentur.
2362 1202 2495 1267 Sed
2527 1224 2678 1265 cum

260 1291 650 1353 viderentur
681 1292 1007 1353 cruciatus
1062 1291 1393 1372 negligere
1436 1292 1612 1352 iussu
1666 1291 1961 1373 presidis,
2013 1301 2083 1352 vt
2136 1300 2324 1352 erant
2373 1290 2577 1374 ligati,
2617 1292 2680 1352 in

267 1398 453 1440 mare
529 1377 1008 1440 deturbantur.²
1120 1378 1368 1439 Diuino
1444 1387 1666 1439 tamen
1748 1397 2018 1439 munere
2095 1377 2326 1439 solutis
2400 1378 2680 1440 vinculis

263 1485 303 1526 e
353 1464 593 1546 pelago
655 1474 808 1527 sunt
870 1464 1235 1526 incolumes
1287 1467 1549 1546 egressi.
1670 1466 1897 1526 Preses
1958 1474 2180 1527 autem
2230 1465 2356 1527 hoc
2406 1466 2680 1546 magicis

263 1553 523 1613 artibus
583 1552 932 1626 ascribenS,
997 1552 1177 1613 iubet
1240 1572 1352 1613 eos
1416 1554 1479 1613 in
1543 1571 1872 1614 carcerem
1936 1551 2131 1627 trudi,
2190 1572 2266 1614 ac
2320 1550 2678 1633 postredie³

264 1638 546 1700 eductos
580 1640 642 1700 in
702 1658 1018 1719 magnum
1071 1658 1304 1720 rogum
1355 1639 1641 1700 immitti.
1741 1638 1815 1700 In
1873 1658 2007 1719 quo
2055 1660 2206 1700 cum
2261 1639 2422 1701 illesi
2475 1640 2681 1701 nihilo

268 1726 484 1786 secius
518 1728 1046 1806 permansissent,
1082 1735 1230 1807 post
1264 1726 1609 1787 innumera
1660 1725 1987 1807 supplicia
2036 1726 2274 1808 capitis
2327 1725 2680 1788 obtrunca-

267 1814 453 1874 tione
487 1814 803 1891 martyrio
836 1823 987 1874 sunt
1020 1814 1338 1887 coronati,
1370 1824 1435 1874 et
1469 1813 1717 1874 ibidem
1775 1834 1814 1873 a
1869 1812 2262 1876 Christianis
2312 1812 2573 1894 sepulti·
2604 1835 2682 1878 .v.

265 1898 582 1960 calendas
615 1899 940 1962 Octobris,
1036 1901 1348 1961 Processu
1384 1920 1539 1961 vero
1572 1902 1893 1981 temporis
1942 1900 2228 1962 Romam
2265 1899 2584 1976 translati,
2616 1902 2681 1963 in

264 1985 542 2048 ecclesia
577 1987 867 2068 ipsorum
904 1988 1173 2048 nomine
1205 1986 1456 2048 dicata⁴
1495 1988 1959 2049 recunduntur.
2563 2007 2577 2023 ·

1343 2123 1612 2189 Orati0.⁵

281 2248 596 2376 PResta
658 2268 1018 2330 quesumus
1078 2250 1504 2331 omnipotens
1565 2250 1746 2325 deuS,
1806 2259 1878 2311 vt
1924 2250 2036 2330 qui
2085 2259 2461 2312 sanctorum
2513 2271 2680 2312 mar·

432 2345 654 2415 tyrum
717 2346 981 2398 tuorum
1045 2335 1289 2398 Cosme
1352 2347 1417 2398 et
1484 2336 1797 2399 Damiani
1862 2335 2189 2398 natalitia⁰
2248 2336 2564 2399 colimus:
2643 2358 2682 2399 a

267 2424 525 2484 cunctis
587 2423 778 2484 malis
840 2423 1343 2484 imminentibus
1392 2443 1617 2486 eorum
1677 2423 2254 2486 intercessionibus
2305 2424 2679 2487 liberemur:

269 2529 386 2590 per
417 2509 781 2571 dominum.

619 2668 953 2729 Dedicatio
985 2667 1335 2730 Michaelis
1365 2668 1745 2749 archangeli
1767 2669 2004 2751 duplex
2046 2668 2304 2732 Μαίας]

1022 2793 1081 2853 A
1092 2792 1145 2854 d
1201 2792 1522 2874 Vespera&
1612 2793 1695 2854 H
1675 2814 1934 2872 ymnus,

278 2904 512 3032 '1³1bi
564 2903 833 2967 Christi8
878 2904 1195 2987 splendor
1234 2906 1453 2986 patriS,
1503 2904 1664 2967 Vita
1713 2904 1997 2967 virtutis⁹
2045 2908 2363 2984 cordium,
2399 2908 2474 2970 In
2528 2929 2681 2971 con-

452 3001 681 3073 spectu
714 2992 1101 3071 angelorum
1135 2992 1349 3067 Votis,
1395 3012 1558 3053 voce
1609 2991 1991 3074 psallimus:
2040 2993 2472 3056 Alternantes
2525 3017 2682 3057 con-

271 3078 602 3159 crepando
637 3079 850 3140 Melos
882 3080 1120 3141 damus
1151 3080 1439 3141 vocibus,

403 3164 878 3227 Collaudamus
922 3175 1330 3239 veneranteS‚
1365 3164 1619 3227 Omnes
1666 3166 1785 3227 celi
1836 3166 2093 3230 milites,
2186 3166 2321 3231 Sed
2373 3170 2680 3251 precipue

275 3253 620 3332 primatem
677 3252 956 3315 Celestis
1003 3255 1337 3315 exercitus
1389 3252 1783 3315 Michaelem
1833 3254 1898 3315 in
1932 3254 2172 3317 virtute
2205 3254 2676 3318 Conterentem

274 3339 589 3402 Zabulon.

402 3425 555 3506 Quo
587 3427 861 3489 custode
896 3427 1118 3508 procul
1156 3425 1325 3509 pelle
1377 3426 1527 3488 Rex
1572 3427 1814 3489 christe
1864 3426 2159 3509 pijssime
2225 3427 2447 3491 Omne
2494 3429 2679 3492 nefas

274 3513 514 3575 inimici
568 3513 826 3577 Mundo
873 3516 1087 3589 corde,
1133 3526 1199 3576 et
1247 3534 1518 3596 corpore
1570 3515 1886 3576 Paradiso
1933 3514 2137 3577 redde
2184 3525 2299 3577 tuo
2350 3516 2492 3577 Nos
2537 3518 2678 3580 sola

272 3598 635 3664 clementia.

400 3686 693 3749 Gloriam
746 3688 914 3769 patri
955 3687 1235 3768 melodis
1271 3688 1708 3749 personemus
1740 3688 2051 3751 vocibus:
2103 3688 2400 3751 Gloriam
2433 3690 2679 3753 christo

271 3793 626 3836 canamus:
675 3774 970 3836 Gloriam
1028 3775 1363 3857 paracleto
1419 3773 1551 3856 Qui
1607 3777 1819 3837 trinus
1871 3786 1937 3838 et
1994 3796 2161 3838 vnus
2211 3778 2412 3839 deus:
2465 3779 2679 3841 Extat

274 3871 423 3922 ante
454 3861 689 3923 secula.
787 3862 1024 3924 Amen.

399 3947 795 4028 Antzpllona.
890 3948 1069 4010 Dum
1150 3968 1406 4010 sacrum
1502 3951 1890 4028 mysterium
1982 3961 2279 4013 cerneret
2373 3952 2678 4026 IoanneS,

283 4033 560 4096 Michael
594 4035 1032 4113 archangelus
1064 4036 1225 4098 tuba
1257 4037 1512 4097 cecinit.
1609 4036 1889 4116 Ignosce
1920 4036 2190 4100 domine
2239 4037 2403 4100 deus
2457 4051 2681 4102 noster

278 4122 383 4201 qui
418 4125 634 4204 aperis
667 4122 904 4185 librum
933 4147 946 4185 :
994 4132 1059 4184 et
1094 4122 1295 4184 soluis
1327 4122 1666 4203 signacula
1699 4125 1838 4186 eius
1868 4124 2198 4186 halleluia.

367 4255 381 4285 ¹
416 4257 482 4306 di.
514 4270 590 4319 27.
621 4260 678 4306 in
705 4276 770 4307 m.
1212 4255 1234 4287 ²
1265 4258 1684 4308 detrudebantur:
1723 4258 1798 4322 38.

365 4320 385 4350 ³
418 4324 688 4387 postridie:
727 4323 805 4387 38.
835 4334 929 4373 etc.
1215 4322 1233 4351 ⁴
1267 4324 1527 4372 dedicata:
1566 4323 1643 4386 38.

365 4386 385 4415 ³
415 4405 507 4437 om.
539 4388 614 4451 38.
1211 4385 1232 4417 ⁶
1265 4388 1484 4437 natalia:
1524 4401 1599 4451 39.
2157 4389 2177 4422 ⁷
2211 4392 2381 4439 minus
2410 4405 2429 4439 .·
2462 4403 2526 4453 39

368 4451 388 4481 ⁸
429 4456 567 4502 Thus
590 4456 692 4503 also
715 4453 793 4517 38.
823 4453 902 4503 66.
965 4453 1146 4503 christe
1171 4471 1183 4502 z
1221 4465 1300 4515 39.
1329 4464 1423 4502 etc.
1573 4453 1594 4483 ⁹
1636 4454 1774 4503 Thus
1796 4456 1898 4503 also
1921 4454 2000 4518 38.
2073 4455 2258 4506 virtus:
2296 4469 2372 4519 39.
2403 4465 2495 4506 etc.
