<?xml version="1.0" encoding="UTF-8"?>
<!DOCTYPE html PUBLIC "-//W3C//DTD XHTML 1.0 Transitional//EN"
    "http://www.w3.org/TR/xhtml1/DTD/xhtml1-transitional.dtd">
<html xmlns="http://www.w3.org/1999/xhtml" xml:lang="en" lang="en">
 <head>
  <title>
</title>
<meta http-equiv="Content-Type" content="text/html;charset=utf-8" />
  <meta name='ocr-system' content='tesseract 3.04.00' />
  <meta name='ocr-capabilities' content='ocr_page ocr_carea ocr_par ocr_line ocrx_word'/>
</head>
<body>
  <div class='ocr_page' id='page_1' title='image "./secondrecension00legggoog_0251.png"; bbox 0 0 3293 5225; ppageno 0'>
   <div class='ocr_carea' id='block_1_1' title="bbox 717 396 2780 455">
    <p class='ocr_par' dir='ltr' id='par_1_1' title="bbox 717 396 2780 455">
     <span class='ocr_line' id='line_1_1' title="bbox 717 396 2780 455; baseline -0.001 -10"><span class='ocrx_word' id='word_1_1' title='bbox 717 397 948 446; x_wconf 75' lang='lat' dir='ltr'><em>FERIA</em></span> <span class='ocrx_word' id='word_1_2' title='bbox 1000 398 1083 447; x_wconf 84' lang='lat' dir='ltr'>VJ.</span> <span class='ocrx_word' id='word_1_3' title='bbox 1124 398 1321 448; x_wconf 86' lang='lat' dir='ltr'><em>POST</em></span> <span class='ocrx_word' id='word_1_4' title='bbox 1343 397 1664 448; x_wconf 78' lang='lat' dir='ltr'><em>FESTUM</em></span> <span class='ocrx_word' id='word_1_5' title='bbox 1692 397 2054 447; x_wconf 83' lang='lat' dir='ltr'><em>CORPORIS</em></span> <span class='ocrx_word' id='word_1_6' title='bbox 2089 396 2406 446; x_wconf 87' lang='lat' dir='ltr'><em>CHRISTI.</em></span> <span class='ocrx_word' id='word_1_7' title='bbox 2693 405 2780 455; x_wconf 86' lang='lat'>177</span> 
     </span>
    </p>
   </div>
   <div class='ocr_carea' id='block_1_2' title="bbox 375 548 2789 1331">
    <p class='ocr_par' dir='ltr' id='par_1_2' title="bbox 375 548 2789 1331">
     <span class='ocr_line' id='line_1_2' title="bbox 376 548 2783 627; baseline 0 -18"><span class='ocrx_word' id='word_1_8' title='bbox 376 548 779 613; x_wconf 87' lang='lat' dir='ltr'>manducare</span> <span class='ocrx_word' id='word_1_9' title='bbox 843 550 1022 613; x_wconf 89' lang='lat' dir='ltr'>illam</span> <span class='ocrx_word' id='word_1_10' title='bbox 1084 571 1347 615; x_wconf 88' lang='lat' dir='ltr'>escam:</span> <span class='ocrx_word' id='word_1_11' title='bbox 1422 560 1491 614; x_wconf 90' lang='lat' dir='ltr'>et</span> <span class='ocrx_word' id='word_1_12' title='bbox 1550 551 1735 613; x_wconf 91' lang='lat' dir='ltr'>illum</span> <span class='ocrx_word' id='word_1_13' title='bbox 1799 551 2024 614; x_wconf 87' lang='lat' dir='ltr'>bibere</span> <span class='ocrx_word' id='word_1_14' title='bbox 2083 548 2345 627; x_wconf 87' lang='lat' dir='ltr'>cibum,l</span> <span class='ocrx_word' id='word_1_15' title='bbox 2411 551 2475 611; x_wconf 94' lang='lat' dir='ltr'>in</span> <span class='ocrx_word' id='word_1_16' title='bbox 2538 549 2783 612; x_wconf 84' lang='lat' dir='ltr'>christo</span> 
     </span>
     <span class='ocr_line' id='line_1_3' title="bbox 375 636 2781 719; baseline 0 -21"><span class='ocrx_word' id='word_1_17' title='bbox 375 655 642 699; x_wconf 89' lang='lat' dir='ltr'>manere</span> <span class='ocrx_word' id='word_1_18' title='bbox 694 648 760 701; x_wconf 90' lang='lat' dir='ltr'>et</span> <span class='ocrx_word' id='word_1_19' title='bbox 811 636 994 700; x_wconf 90' lang='lat' dir='ltr'>illum</span> <span class='ocrx_word' id='word_1_20' title='bbox 1048 648 1429 702; x_wconf 89' lang='lat' dir='ltr'>manentem</span> <span class='ocrx_word' id='word_1_21' title='bbox 1480 639 1544 700; x_wconf 90' lang='lat' dir='ltr'>in</span> <span class='ocrx_word' id='word_1_22' title='bbox 1593 658 1663 700; x_wconf 88' lang='lat' dir='ltr'>se</span> <span class='ocrx_word' id='word_1_23' title='bbox 1710 637 1969 701; x_wconf 88' lang='lat' dir='ltr'>habere.</span> <span class='ocrx_word' id='word_1_24' title='bbox 2063 638 2164 700; x_wconf 83' lang='lat' dir='ltr'>Ac</span> <span class='ocrx_word' id='word_1_25' title='bbox 2199 657 2315 719; x_wconf 92' lang='lat' dir='ltr'>per</span> <span class='ocrx_word' id='word_1_26' title='bbox 2344 637 2469 699; x_wconf 93' lang='lat' dir='ltr'>hoc</span> <span class='ocrx_word' id='word_1_27' title='bbox 2502 636 2781 718; x_wconf 89' lang='lat' dir='ltr'>quinon</span> 
     </span>
     <span class='ocr_line' id='line_1_4' title="bbox 375 722 2783 808; baseline 0 -24"><span class='ocrx_word' id='word_1_28' title='bbox 375 733 599 785; x_wconf 88' lang='lat' dir='ltr'>manet</span> <span class='ocrx_word' id='word_1_29' title='bbox 646 724 712 786; x_wconf 93' lang='lat' dir='ltr'>in</span> <span class='ocrx_word' id='word_1_30' title='bbox 760 725 1021 801; x_wconf 84' lang='lat' dir='ltr'>christo,</span> <span class='ocrx_word' id='word_1_31' title='bbox 1051 735 1119 788; x_wconf 94' lang='lat' dir='ltr'>et</span> <span class='ocrx_word' id='word_1_32' title='bbox 1166 726 1232 787; x_wconf 91' lang='lat' dir='ltr'>in</span> <span class='ocrx_word' id='word_1_33' title='bbox 1275 746 1411 808; x_wconf 91' lang='lat' dir='ltr'>quo</span> <span class='ocrx_word' id='word_1_34' title='bbox 1443 746 1576 789; x_wconf 92' lang='lat' dir='ltr'>non</span> <span class='ocrx_word' id='word_1_35' title='bbox 1611 735 1838 788; x_wconf 87' lang='lat' dir='ltr'>manet</span> <span class='ocrx_word' id='word_1_36' title='bbox 1869 725 2150 788; x_wconf 89' lang='lat' dir='ltr'>christus</span> <span class='ocrx_word' id='word_1_37' title='bbox 2181 722 2616 807; x_wconf 89' lang='lat' dir='ltr'>proculdubio</span> <span class='ocrx_word' id='word_1_38' title='bbox 2647 742 2783 786; x_wconf 91' lang='lat' dir='ltr'>non</span> 
     </span>
     <span class='ocr_line' id='line_1_5' title="bbox 375 808 2786 895; baseline 0 -24"><span class='ocrx_word' id='word_1_39' title='bbox 375 811 738 874; x_wconf 87' lang='lat' dir='ltr'>manducat</span> <span class='ocrx_word' id='word_1_40' title='bbox 783 812 1208 895; x_wconf 80' lang='lat' dir='ltr'>spiritualiter</span> <span class='ocrx_word' id='word_1_41' title='bbox 1252 813 1393 875; x_wconf 90' lang='lat' dir='ltr'>eius</span> <span class='ocrx_word' id='word_1_42' title='bbox 1438 833 1724 888; x_wconf 87' lang='lat' dir='ltr'>carnem,</span> <span class='ocrx_word' id='word_1_43' title='bbox 1755 812 1907 875; x_wconf 90' lang='lat' dir='ltr'>licet</span> <span class='ocrx_word' id='word_1_44' title='bbox 1953 812 2303 875; x_wconf 82' lang='lat' dir='ltr'>carnaliter</span> <span class='ocrx_word' id='word_1_45' title='bbox 2345 821 2414 874; x_wconf 90' lang='lat' dir='ltr'>et</span> <span class='ocrx_word' id='word_1_46' title='bbox 2441 808 2786 873; x_wconf 88' lang='lat' dir='ltr'>visibiliter</span> 
     </span>
     <span class='ocr_line' id='line_1_6' title="bbox 375 895 2785 983; baseline 0.001 -25"><span class='ocrx_word' id='word_1_47' title='bbox 375 909 636 978; x_wconf 88' lang='lat' dir='ltr'>premat</span> <span class='ocrx_word' id='word_1_48' title='bbox 696 898 1009 962; x_wconf 85' lang='lat' dir='ltr'>dentibus</span> <span class='ocrx_word' id='word_1_49' title='bbox 1069 909 1483 963; x_wconf 90' lang='lat' dir='ltr'>sacramenta</span> <span class='ocrx_word' id='word_1_50' title='bbox 1530 901 1824 982; x_wconf 89' lang='lat' dir='ltr'>corporis</span> <span class='ocrx_word' id='word_1_51' title='bbox 1875 909 1943 962; x_wconf 93' lang='lat' dir='ltr'>et</span> <span class='ocrx_word' id='word_1_52' title='bbox 1994 899 2335 983; x_wconf 84' lang='lat' dir='ltr'>sanguinis</span> <span class='ocrx_word' id='word_1_53' title='bbox 2389 897 2614 960; x_wconf 90' lang='lat' dir='ltr'>christi</span> <span class='ocrx_word' id='word_1_54' title='bbox 2649 895 2785 961; x_wconf 87' lang='lat' dir='ltr'>Sed</span> 
     </span>
     <span class='ocr_line' id='line_1_7' title="bbox 376 983 2789 1067; baseline 0 -22"><span class='ocrx_word' id='word_1_55' title='bbox 376 984 591 1067; x_wconf 89' lang='lat' dir='ltr'>magis</span> <span class='ocrx_word' id='word_1_56' title='bbox 635 995 821 1050; x_wconf 88' lang='lat' dir='ltr'>tante</span> <span class='ocrx_word' id='word_1_57' title='bbox 861 987 952 1050; x_wconf 92' lang='lat' dir='ltr'>rei</span> <span class='ocrx_word' id='word_1_58' title='bbox 985 997 1475 1050; x_wconf 87' lang='lat' dir='ltr'>sacramentum</span> <span class='ocrx_word' id='word_1_59' title='bbox 1508 985 1592 1049; x_wconf 90' lang='lat' dir='ltr'>ad</span> <span class='ocrx_word' id='word_1_60' title='bbox 1628 986 1940 1049; x_wconf 91' lang='lat' dir='ltr'>iudicium</span> <span class='ocrx_word' id='word_1_61' title='bbox 1974 987 2099 1049; x_wconf 90' lang='lat' dir='ltr'>sibi</span> <span class='ocrx_word' id='word_1_62' title='bbox 2135 985 2494 1049; x_wconf 90' lang='lat' dir='ltr'>manducat</span> <span class='ocrx_word' id='word_1_63' title='bbox 2524 994 2591 1048; x_wconf 89' lang='lat' dir='ltr'>et</span> <span class='ocrx_word' id='word_1_64' title='bbox 2622 983 2789 1047; x_wconf 88' lang='lat' dir='ltr'>bibit</span> 
     </span>
     <span class='ocr_line' id='line_1_8' title="bbox 375 1070 2787 1156; baseline 0 -24"><span class='ocrx_word' id='word_1_65' title='bbox 375 1070 490 1152; x_wconf 92' lang='lat' dir='ltr'>qui</span> <span class='ocrx_word' id='word_1_66' title='bbox 552 1073 931 1136; x_wconf 88' lang='lat' dir='ltr'>immundas</span> <span class='ocrx_word' id='word_1_67' title='bbox 993 1075 1312 1156; x_wconf 86' lang='lat' dir='ltr'>presumit</span> <span class='ocrx_word' id='word_1_68' title='bbox 1373 1075 1457 1136; x_wconf 90' lang='lat' dir='ltr'>ad</span> <span class='ocrx_word' id='word_1_69' title='bbox 1513 1073 1738 1137; x_wconf 89' lang='lat' dir='ltr'>christi</span> <span class='ocrx_word' id='word_1_70' title='bbox 1800 1083 2217 1136; x_wconf 87' lang='lat' dir='ltr'>sacramenta</span> <span class='ocrx_word' id='word_1_71' title='bbox 2277 1071 2607 1148; x_wconf 86' lang='lat' dir='ltr'>accedere,</span> <span class='ocrx_word' id='word_1_72' title='bbox 2657 1090 2787 1152; x_wconf 91' lang='lat' dir='ltr'>que</span> 
     </span>
     <span class='ocr_line' id='line_1_9' title="bbox 377 1155 2785 1243; baseline 0.001 -25"><span class='ocrx_word' id='word_1_73' title='bbox 377 1155 545 1220; x_wconf 91' lang='lat' dir='ltr'>alius</span> <span class='ocrx_word' id='word_1_74' title='bbox 578 1180 711 1223; x_wconf 91' lang='lat' dir='ltr'>non</span> <span class='ocrx_word' id='word_1_75' title='bbox 759 1160 961 1243; x_wconf 89' lang='lat' dir='ltr'>digne</span> <span class='ocrx_word' id='word_1_76' title='bbox 1006 1162 1210 1224; x_wconf 91' lang='lat' dir='ltr'>sumit</span> <span class='ocrx_word' id='word_1_77' title='bbox 1257 1161 1378 1224; x_wconf 91' lang='lat' dir='ltr'>nisi</span> <span class='ocrx_word' id='word_1_78' title='bbox 1427 1162 1538 1243; x_wconf 92' lang='lat' dir='ltr'>qui</span> <span class='ocrx_word' id='word_1_79' title='bbox 1574 1161 1877 1224; x_wconf 51' lang='lat' dir='ltr'>¹mundus</span> <span class='ocrx_word' id='word_1_80' title='bbox 1923 1170 2058 1223; x_wconf 86' lang='lat' dir='ltr'>est:</span> <span class='ocrx_word' id='word_1_81' title='bbox 2111 1160 2196 1223; x_wconf 90' lang='lat' dir='ltr'>de</span> <span class='ocrx_word' id='word_1_82' title='bbox 2221 1160 2461 1242; x_wconf 90' lang='lat' dir='ltr'>quibus</span> <span class='ocrx_word' id='word_1_83' title='bbox 2507 1158 2785 1222; x_wconf 89' lang='lat' dir='ltr'>dicitur:</span> 
     </span>
     <span class='ocr_line' id='line_1_10' title="bbox 381 1245 2250 1331; baseline 0.002 -25"><span class='ocrx_word' id='word_1_84' title='bbox 381 1245 569 1308; x_wconf 89' lang='lat' dir='ltr'>Beati</span> <span class='ocrx_word' id='word_1_85' title='bbox 606 1248 859 1310; x_wconf 91' lang='lat' dir='ltr'>mundo</span> <span class='ocrx_word' id='word_1_86' title='bbox 888 1248 1125 1311; x_wconf 88' lang='lat' dir='ltr'>corde:</span> <span class='ocrx_word' id='word_1_87' title='bbox 1172 1249 1486 1330; x_wconf 90' lang='lat' dir='ltr'>quoniam</span> <span class='ocrx_word' id='word_1_88' title='bbox 1521 1249 1644 1331; x_wconf 91' lang='lat' dir='ltr'>ipsi</span> <span class='ocrx_word' id='word_1_89' title='bbox 1678 1247 1878 1314; x_wconf 85' lang='lat' dir='ltr'>deum</span> <span class='ocrx_word' id='word_1_90' title='bbox 1913 1247 2250 1310; x_wconf 89' lang='lat' dir='ltr'>videbunt.</span> 
     </span>
    </p>
   </div>
   <div class='ocr_carea' id='block_1_3' title="bbox 1335 1401 1833 1478">
    <p class='ocr_par' dir='ltr' id='par_1_3' title="bbox 1335 1401 1833 1478">
     <span class='ocr_line' id='line_1_11' title="bbox 1335 1401 1833 1478; baseline 0.002 -15"><span class='ocrx_word' id='word_1_91' title='bbox 1335 1408 1403 1478; x_wconf 99' lang='grc' dir='ltr'>(Ι</span> <span class='ocrx_word' id='word_1_92' title='bbox 1448 1402 1509 1463; x_wconf 88' lang='grc' dir='ltr'><em>Α</em></span> <span class='ocrx_word' id='word_1_93' title='bbox 1520 1401 1573 1464; x_wconf 86' lang='lat' dir='ltr'><em>d</em></span> <span class='ocrx_word' id='word_1_94' title='bbox 1593 1401 1833 1465; x_wconf 76' lang='lat' dir='ltr'>laudeS.</span> 
     </span>
    </p>
   </div>
   <div class='ocr_carea' id='block_1_4' title="bbox 379 1512 2789 1770">
    <p class='ocr_par' dir='ltr' id='par_1_4' title="bbox 379 1512 2789 1770">
     <span class='ocr_line' id='line_1_12' title="bbox 508 1512 2789 1597; baseline 0 -24"><span class='ocrx_word' id='word_1_95' title='bbox 508 1512 906 1595; x_wconf 66' lang='lat' dir='ltr'>Antzphona.</span> <span class='ocrx_word' id='word_1_96' title='bbox 998 1515 1148 1597; x_wconf 88' lang='lat' dir='ltr'>Ego</span> <span class='ocrx_word' id='word_1_97' title='bbox 1193 1534 1340 1576; x_wconf 92' lang='lat' dir='ltr'>sum</span> <span class='ocrx_word' id='word_1_98' title='bbox 1391 1515 1580 1596; x_wconf 88' lang='lat' dir='ltr'>panis</span> <span class='ocrx_word' id='word_1_99' title='bbox 1625 1515 1834 1589; x_wconf 89' lang='lat' dir='ltr'>viuus,</span> <span class='ocrx_word' id='word_1_100' title='bbox 1865 1514 1977 1595; x_wconf 90' lang='lat' dir='ltr'>qui</span> <span class='ocrx_word' id='word_1_101' title='bbox 2025 1514 2109 1576; x_wconf 92' lang='lat' dir='ltr'>de</span> <span class='ocrx_word' id='word_1_102' title='bbox 2155 1513 2299 1575; x_wconf 89' lang='lat' dir='ltr'>celo</span> <span class='ocrx_word' id='word_1_103' title='bbox 2344 1513 2676 1589; x_wconf 89' lang='lat' dir='ltr'>descendi,</span> <span class='ocrx_word' id='word_1_104' title='bbox 2738 1512 2789 1574; x_wconf 90' lang='lat' dir='ltr'>si</span> 
     </span>
     <span class='ocr_line' id='line_1_13' title="bbox 379 1599 2644 1684; baseline 0.001 -24"><span class='ocrx_word' id='word_1_105' title='bbox 379 1599 529 1680; x_wconf 90' lang='lat' dir='ltr'>quis</span> <span class='ocrx_word' id='word_1_106' title='bbox 563 1599 1063 1664; x_wconf 89' lang='lat' dir='ltr'>manducauerit</span> <span class='ocrx_word' id='word_1_107' title='bbox 1094 1622 1181 1664; x_wconf 85' lang='lat' dir='ltr'>ex</span> <span class='ocrx_word' id='word_1_108' title='bbox 1216 1601 1340 1664; x_wconf 94' lang='lat' dir='ltr'>hoc</span> <span class='ocrx_word' id='word_1_109' title='bbox 1374 1621 1546 1684; x_wconf 88' lang='lat' dir='ltr'>pane</span> <span class='ocrx_word' id='word_1_110' title='bbox 1577 1602 1759 1664; x_wconf 91' lang='lat' dir='ltr'>viuet</span> <span class='ocrx_word' id='word_1_111' title='bbox 1792 1602 1857 1663; x_wconf 89' lang='lat' dir='ltr'>in</span> <span class='ocrx_word' id='word_1_112' title='bbox 1891 1611 2189 1665; x_wconf 89' lang='lat' dir='ltr'>eternum</span> <span class='ocrx_word' id='word_1_113' title='bbox 2222 1625 2234 1664; x_wconf 90' lang='lat'>:</span> <span class='ocrx_word' id='word_1_114' title='bbox 2288 1599 2644 1663; x_wconf 88' lang='lat' dir='ltr'>Halleluia.</span> 
     </span>
     <span class='ocr_line' id='line_1_14' title="bbox 515 1685 1224 1770; baseline 0.001 -20"><span class='ocrx_word' id='word_1_115' title='bbox 515 1685 758 1750; x_wconf 80' lang='lat' dir='ltr'>Oratio,</span> <span class='ocrx_word' id='word_1_116' title='bbox 852 1688 1037 1751; x_wconf 89' lang='lat' dir='ltr'>Deus</span> <span class='ocrx_word' id='word_1_117' title='bbox 1066 1687 1224 1770; x_wconf 78' lang='lat' dir='ltr'>qui.2</span> 
     </span>
    </p>
   </div>
   <div class='ocr_carea' id='block_1_5' title="bbox 1315 1825 1878 1907">
    <p class='ocr_par' dir='ltr' id='par_1_5' title="bbox 1315 1825 1878 1907">
     <span class='ocr_line' id='line_1_15' title="bbox 1315 1825 1878 1907; baseline 0.004 -21"><span class='ocrx_word' id='word_1_118' title='bbox 1315 1831 1381 1901; x_wconf 92' lang='grc' dir='ltr'>(Ι</span> <span class='ocrx_word' id='word_1_119' title='bbox 1426 1826 1487 1887; x_wconf 85' lang='grc' dir='ltr'><em>Α</em></span> <span class='ocrx_word' id='word_1_120' title='bbox 1497 1825 1549 1886; x_wconf 88' lang='lat' dir='ltr'>d</span> <span class='ocrx_word' id='word_1_121' title='bbox 1572 1836 1878 1907; x_wconf 56' lang='lat' dir='ltr'>vespera&amp;</span> 
     </span>
    </p>
   </div>
   <div class='ocr_carea' id='block_1_6' title="bbox 381 1935 2795 2540">
    <p class='ocr_par' dir='ltr' id='par_1_6' title="bbox 511 1935 1835 2021">
     <span class='ocr_line' id='line_1_16' title="bbox 511 1935 1835 2021; baseline 0.001 -22"><span class='ocrx_word' id='word_1_122' title='bbox 511 1935 837 2017; x_wconf 81' lang='lat' dir='ltr'>Hymnus,</span> <span class='ocrx_word' id='word_1_123' title='bbox 928 1939 1155 2021; x_wconf 85' lang='lat' dir='ltr'>Pange</span> <span class='ocrx_word' id='word_1_124' title='bbox 1186 1938 1431 2019; x_wconf 89' lang='lat' dir='ltr'>lingua.</span> <span class='ocrx_word' id='word_1_125' title='bbox 1522 1947 1595 2000; x_wconf 83' lang='lat' dir='ltr'>vt</span> <span class='ocrx_word' id='word_1_126' title='bbox 1621 1949 1835 2018; x_wconf 84' lang='lat' dir='ltr'>supra.</span> 
     </span>
    </p>

    <p class='ocr_par' dir='ltr' id='par_1_7' title="bbox 381 2023 2794 2282">
     <span class='ocr_line' id='line_1_17' title="bbox 509 2023 2793 2105; baseline 0.001 -20"><span class='ocrx_word' id='word_1_127' title='bbox 509 2023 906 2105; x_wconf 68' lang='lat' dir='ltr'>Antiphona.</span> <span class='ocrx_word' id='word_1_128' title='bbox 997 2024 1059 2089; x_wconf 93' lang='lat' dir='ltr'><em>O</em></span> <span class='ocrx_word' id='word_1_129' title='bbox 1115 2044 1374 2087; x_wconf 87' lang='lat' dir='ltr'>sacrum</span> <span class='ocrx_word' id='word_1_130' title='bbox 1422 2024 1805 2087; x_wconf 89' lang='lat' dir='ltr'>conuiuium</span> <span class='ocrx_word' id='word_1_131' title='bbox 1852 2024 1918 2087; x_wconf 92' lang='lat' dir='ltr'>in</span> <span class='ocrx_word' id='word_1_132' title='bbox 1966 2044 2100 2105; x_wconf 91' lang='lat' dir='ltr'>quo</span> <span class='ocrx_word' id='word_1_133' title='bbox 2149 2024 2451 2088; x_wconf 89' lang='lat' dir='ltr'>Christus</span> <span class='ocrx_word' id='word_1_134' title='bbox 2496 2024 2793 2100; x_wconf 86' lang='lat' dir='ltr'>sumitur,</span> 
     </span>
     <span class='ocr_line' id='line_1_18' title="bbox 381 2109 2794 2195; baseline 0 -22"><span class='ocrx_word' id='word_1_135' title='bbox 381 2109 689 2174; x_wconf 87' lang='lat' dir='ltr'>recolitur</span> <span class='ocrx_word' id='word_1_136' title='bbox 735 2113 1052 2174; x_wconf 88' lang='lat' dir='ltr'>memoria</span> <span class='ocrx_word' id='word_1_137' title='bbox 1099 2111 1424 2195; x_wconf 86' lang='lat' dir='ltr'>passionis</span> <span class='ocrx_word' id='word_1_138' title='bbox 1463 2111 1621 2181; x_wconf 81' lang='lat' dir='ltr'>eius,</span> <span class='ocrx_word' id='word_1_139' title='bbox 1655 2131 1843 2173; x_wconf 90' lang='lat' dir='ltr'>mens</span> <span class='ocrx_word' id='word_1_140' title='bbox 1875 2111 2188 2195; x_wconf 90' lang='lat' dir='ltr'>impletur</span> <span class='ocrx_word' id='word_1_141' title='bbox 2216 2112 2448 2193; x_wconf 90' lang='lat' dir='ltr'>gratia,</span> <span class='ocrx_word' id='word_1_142' title='bbox 2478 2121 2547 2174; x_wconf 89' lang='lat' dir='ltr'>et</span> <span class='ocrx_word' id='word_1_143' title='bbox 2578 2110 2794 2175; x_wconf 87' lang='lat' dir='ltr'>future</span> 
     </span>
     <span class='ocr_line' id='line_1_19' title="bbox 383 2197 1780 2282; baseline 0.002 -23"><span class='ocrx_word' id='word_1_144' title='bbox 383 2197 592 2279; x_wconf 86' lang='lat' dir='ltr'>glorie</span> <span class='ocrx_word' id='word_1_145' title='bbox 624 2198 817 2261; x_wconf 92' lang='lat' dir='ltr'>nobis</span> <span class='ocrx_word' id='word_1_146' title='bbox 849 2199 1090 2282; x_wconf 88' lang='lat' dir='ltr'>pignus</span> <span class='ocrx_word' id='word_1_147' title='bbox 1120 2198 1332 2263; x_wconf 88' lang='lat' dir='ltr'>datur.</span> <span class='ocrx_word' id='word_1_148' title='bbox 1426 2197 1780 2262; x_wconf 89' lang='lat' dir='ltr'>Halleluia.</span> 
     </span>
    </p>

    <p class='ocr_par' dir='ltr' id='par_1_8' title="bbox 382 2284 2795 2540">
     <span class='ocr_line' id='line_1_20' title="bbox 511 2284 2795 2368; baseline 0 -22"><span class='ocrx_word' id='word_1_149' title='bbox 511 2291 579 2361; x_wconf 99' lang='grc' dir='ltr'>(Ι</span> <span class='ocrx_word' id='word_1_150' title='bbox 623 2285 1007 2347; x_wconf 86' lang='lat' dir='ltr'>Notandum</span> <span class='ocrx_word' id='word_1_151' title='bbox 1063 2287 1239 2368; x_wconf 86' lang='lat' dir='ltr'>quod</span> <span class='ocrx_word' id='word_1_152' title='bbox 1281 2285 1740 2348; x_wconf 81' lang='lat' dir='ltr'>inuitatorium</span> <span class='ocrx_word' id='word_1_153' title='bbox 1790 2284 2025 2365; x_wconf 78' lang='lat' dir='ltr'>hymni</span> <span class='ocrx_word' id='word_1_154' title='bbox 2068 2284 2427 2366; x_wconf 79' lang='lat' dir='ltr'>antiphone,</span> <span class='ocrx_word' id='word_1_155' title='bbox 2478 2294 2541 2346; x_wconf 86' lang='lat' dir='ltr'>et</span> <span class='ocrx_word' id='word_1_156' title='bbox 2588 2285 2795 2347; x_wconf 85' lang='lat' dir='ltr'>oratio</span> 
     </span>
     <span class='ocr_line' id='line_1_21' title="bbox 382 2370 2790 2455; baseline 0 -23"><span class='ocrx_word' id='word_1_157' title='bbox 382 2370 581 2433; x_wconf 78' lang='lat' dir='ltr'>huius</span> <span class='ocrx_word' id='word_1_158' title='bbox 609 2371 745 2434; x_wconf 82' lang='lat' dir='ltr'>diei</span> <span class='ocrx_word' id='word_1_159' title='bbox 768 2373 1079 2434; x_wconf 86' lang='lat' dir='ltr'>dicuntur</span> <span class='ocrx_word' id='word_1_160' title='bbox 1090 2384 1216 2455; x_wconf 80' lang='lat' dir='ltr'>per</span> <span class='ocrx_word' id='word_1_161' title='bbox 1242 2381 1441 2434; x_wconf 85' lang='lat' dir='ltr'>totam</span> <span class='ocrx_word' id='word_1_162' title='bbox 1471 2382 1767 2434; x_wconf 85' lang='lat' dir='ltr'>octauam</span> <span class='ocrx_word' id='word_1_163' title='bbox 1798 2372 1936 2433; x_wconf 88' lang='lat' dir='ltr'>nisi</span> <span class='ocrx_word' id='word_1_164' title='bbox 1953 2382 2243 2434; x_wconf 84' lang='lat' dir='ltr'>occurrat</span> <span class='ocrx_word' id='word_1_165' title='bbox 2259 2372 2533 2454; x_wconf 87' lang='lat' dir='ltr'>aliquod</span> <span class='ocrx_word' id='word_1_166' title='bbox 2537 2372 2790 2451; x_wconf 85' lang='lat' dir='ltr'>festum</span> 
     </span>
     <span class='ocr_line' id='line_1_22' title="bbox 384 2458 985 2540; baseline 0.003 -21"><span class='ocrx_word' id='word_1_167' title='bbox 384 2458 616 2538; x_wconf 81' lang='lat' dir='ltr'>duplex</span> <span class='ocrx_word' id='word_1_168' title='bbox 642 2469 717 2521; x_wconf 87' lang='lat' dir='ltr'>vt</span> <span class='ocrx_word' id='word_1_169' title='bbox 741 2458 985 2540; x_wconf 79' lang='lat' dir='ltr'>supra.³</span> 
     </span>
    </p>
   </div>
   <div class='ocr_carea' id='block_1_7' title="bbox 962 2595 2212 2678">
    <p class='ocr_par' dir='ltr' id='par_1_9' title="bbox 962 2595 2212 2678">
     <span class='ocr_line' id='line_1_23' title="bbox 962 2595 2212 2678; baseline 0.001 -18"><span class='ocrx_word' id='word_1_170' title='bbox 962 2602 1029 2673; x_wconf 91' lang='grc' dir='ltr'>(Ι</span> <span class='ocrx_word' id='word_1_171' title='bbox 1072 2596 1271 2660; x_wconf 84' lang='lat' dir='ltr'>Feria</span> <span class='ocrx_word' id='word_1_172' title='bbox 1303 2596 1403 2678; x_wconf 70' lang='grc' dir='ltr'>.ψῖ</span> <span class='ocrx_word' id='word_1_173' title='bbox 1434 2618 1513 2659; x_wconf 80' lang='lat' dir='ltr'>ox</span> <span class='ocrx_word' id='word_1_174' title='bbox 1546 2595 1822 2661; x_wconf 60' lang='lat' dir='ltr'>&amp;nent-⁴»</span> <span class='ocrx_word' id='word_1_175' title='bbox 1908 2596 2120 2659; x_wconf 81' lang='lat' dir='ltr'>Lectio</span> <span class='ocrx_word' id='word_1_176' title='bbox 2149 2597 2212 2661; x_wconf 90' lang='lat' dir='ltr'>.i.</span> 
     </span>
    </p>
   </div>
   <div class='ocr_carea' id='block_1_8' title="bbox 398 2707 2788 2877">
    <p class='ocr_par' dir='ltr' id='par_1_10' title="bbox 398 2707 2788 2877">
     <span class='ocr_line' id='line_1_24' title="bbox 398 2707 2788 2837; baseline 0 -66"><span class='ocrx_word' id='word_1_177' title='bbox 398 2707 655 2837; x_wconf 82' lang='lat' dir='ltr'>EMit</span> <span class='ocrx_word' id='word_1_178' title='bbox 709 2709 909 2809; x_wconf 82' lang='lat' dir='ltr'>igitur</span> <span class='ocrx_word' id='word_1_179' title='bbox 958 2709 1199 2792; x_wconf 88' lang='lat' dir='ltr'>Ioseph</span> <span class='ocrx_word' id='word_1_180' title='bbox 1245 2729 1515 2772; x_wconf 91' lang='lat' dir='ltr'>omnem</span> <span class='ocrx_word' id='word_1_181' title='bbox 1565 2718 1806 2809; x_wconf 40' lang='lat' dir='ltr'>ter-ram</span> <span class='ocrx_word' id='word_1_182' title='bbox 1852 2709 2081 2790; x_wconf 88' lang='lat' dir='ltr'>egypti</span> <span class='ocrx_word' id='word_1_183' title='bbox 2230 2708 2536 2772; x_wconf 88' lang='lat' dir='ltr'>adorauit</span> <span class='ocrx_word' id='word_1_184' title='bbox 2590 2709 2788 2773; x_wconf 89' lang='lat' dir='ltr'>Israel</span> 
     </span>
     <span class='ocr_line' id='line_1_25' title="bbox 553 2795 1926 2877; baseline 0.001 -19"><span class='ocrx_word' id='word_1_185' title='bbox 553 2797 918 2871; x_wconf 88' lang='lat' dir='ltr'>dommum,</span> <span class='ocrx_word' id='word_1_186' title='bbox 950 2816 1304 2859; x_wconf 89' lang='lat' dir='ltr'>conuersus</span> <span class='ocrx_word' id='word_1_187' title='bbox 1337 2795 1421 2858; x_wconf 91' lang='lat' dir='ltr'>ad</span> <span class='ocrx_word' id='word_1_188' title='bbox 1455 2795 1674 2860; x_wconf 75' lang='lat' dir='ltr'>lectuli</span> <span class='ocrx_word' id='word_1_189' title='bbox 1708 2806 1926 2877; x_wconf 89' lang='lat' dir='ltr'>caput.</span> 
     </span>
    </p>
   </div>
   <div class='ocr_carea' id='block_1_9' title="bbox 917 2957 2265 3041">
    <p class='ocr_par' dir='ltr' id='par_1_11' title="bbox 917 2957 2265 3041">
     <span class='ocr_line' id='line_1_26' title="bbox 917 2957 2265 3041; baseline 0.001 -19"><span class='ocrx_word' id='word_1_190' title='bbox 917 2966 984 3036; x_wconf 92' lang='grc' dir='ltr'>(Ι</span> <span class='ocrx_word' id='word_1_191' title='bbox 1029 2960 1141 3022; x_wconf 74' lang='lat' dir='ltr'>Ex</span> <span class='ocrx_word' id='word_1_192' title='bbox 1166 2960 1356 3022; x_wconf 82' lang='lat' dir='ltr'>Actis</span> <span class='ocrx_word' id='word_1_193' title='bbox 1383 2957 1850 3041; x_wconf 81' lang='lat' dir='ltr'>apostolorum.⁵</span> <span class='ocrx_word' id='word_1_194' title='bbox 1939 2959 2149 3022; x_wconf 84' lang='lat' dir='ltr'>Lectio</span> <span class='ocrx_word' id='word_1_195' title='bbox 2181 2960 2265 3040; x_wconf 83' lang='lat' dir='ltr'>.ij.</span> 
     </span>
    </p>
   </div>
   <div class='ocr_carea' id='block_1_10' title="bbox 515 3070 2670 3223">
    <p class='ocr_par' dir='ltr' id='par_1_12' title="bbox 515 3070 2788 3223">
     <span class='ocr_line' id='line_1_27' title="bbox 515 3070 2670 3149; baseline 0.001 -12"><span class='ocrx_word' id='word_1_196' title='bbox 515 3070 854 3137; x_wconf 80' lang='lat' dir='ltr'>Onuertit⁶</span> <span class='ocrx_word' id='word_1_197' title='bbox 884 3083 1109 3136; x_wconf 90' lang='lat' dir='ltr'>autem</span> <span class='ocrx_word' id='word_1_198' title='bbox 1147 3073 1350 3149; x_wconf 79' lang='lat' dir='ltr'>DeuS,</span> <span class='ocrx_word' id='word_1_199' title='bbox 1380 3081 1447 3134; x_wconf 89' lang='lat' dir='ltr'>et</span> <span class='ocrx_word' id='word_1_200' title='bbox 1479 3071 1753 3135; x_wconf 85' lang='lat' dir='ltr'>tradidit</span> <span class='ocrx_word' id='word_1_201' title='bbox 1801 3091 1916 3133; x_wconf 91' lang='lat' dir='ltr'>eos</span> <span class='ocrx_word' id='word_1_202' title='bbox 1969 3072 2210 3134; x_wconf 89' lang='lat' dir='ltr'>seruire</span> <span class='ocrx_word' id='word_1_203' title='bbox 2262 3071 2494 3135; x_wconf 86' lang='lat' dir='ltr'>militie</span> <span class='ocrx_word' id='word_1_204' title='bbox 2549 3073 2670 3135; x_wconf 90' lang='lat' dir='ltr'>celi</span> 
     </span>
     <span class='ocr_line' id='line_1_28' title="bbox 543 3158 2034 3223; baseline -0.001 0"><span class='ocrx_word' id='word_1_205' title='bbox 543 3158 785 3223; x_wconf 88' lang='lat' dir='ltr'>Saulus</span> <span class='ocrx_word' id='word_1_206' title='bbox 817 3169 1042 3223; x_wconf 91' lang='lat' dir='ltr'>autem</span> <span class='ocrx_word' id='word_1_207' title='bbox 1074 3168 1216 3222; x_wconf 90' lang='lat' dir='ltr'>erat</span> <span class='ocrx_word' id='word_1_208' title='bbox 1246 3160 1668 3222; x_wconf 89' lang='lat' dir='ltr'>consentiens</span> <span class='ocrx_word' id='word_1_209' title='bbox 1701 3159 1844 3221; x_wconf 92' lang='lat' dir='ltr'>neci</span> <span class='ocrx_word' id='word_1_210' title='bbox 1878 3159 2034 3222; x_wconf 83' lang='lat' dir='ltr'>eiuS.</span> 
     </span>
    </p>
   </div>
   <div class='ocr_carea' id='block_1_11' title="bbox 1375 3320 1818 3385">
    <p class='ocr_par' dir='ltr' id='par_1_13' title="bbox 1375 3320 1818 3385">
     <span class='ocr_line' id='line_1_29' title="bbox 1375 3320 1818 3385; baseline 0.002 -2"><span class='ocrx_word' id='word_1_211' title='bbox 1375 3321 1597 3383; x_wconf 82' lang='lat' dir='ltr'>Tertia</span> <span class='ocrx_word' id='word_1_212' title='bbox 1625 3320 1818 3385; x_wconf 83' lang='lat' dir='ltr'>lectio.</span> 
     </span>
    </p>
   </div>
   <div class='ocr_carea' id='block_1_12' title="bbox 384 3431 2793 4211">
    <p class='ocr_par' dir='ltr' id='par_1_14' title="bbox 470 3431 2789 3517">
     <span class='ocr_line' id='line_1_30' title="bbox 470 3431 2789 3517; baseline 0.001 -22"><span class='ocrx_word' id='word_1_213' title='bbox 470 3434 777 3497; x_wconf 89' lang='lat' dir='ltr'>Mmensa</span> <span class='ocrx_word' id='word_1_214' title='bbox 809 3434 1032 3498; x_wconf 92' lang='lat' dir='ltr'>diuine</span> <span class='ocrx_word' id='word_1_215' title='bbox 1065 3434 1389 3517; x_wconf 87' lang='lat' dir='ltr'>largitatis</span> <span class='ocrx_word' id='word_1_216' title='bbox 1420 3431 1741 3495; x_wconf 86' lang='lat' dir='ltr'>beneficia</span> <span class='ocrx_word' id='word_1_217' title='bbox 1773 3432 2075 3496; x_wconf 86' lang='lat' dir='ltr'>exhibita</span> <span class='ocrx_word' id='word_1_218' title='bbox 2099 3434 2347 3516; x_wconf 91' lang='lat' dir='ltr'>populo</span> <span class='ocrx_word' id='word_1_219' title='bbox 2373 3432 2789 3498; x_wconf 88' lang='lat' dir='ltr'>Christiano:</span> 
     </span>
    </p>

    <p class='ocr_par' dir='ltr' id='par_1_15' title="bbox 384 3520 2793 4211">
     <span class='ocr_line' id='line_1_31' title="bbox 495 3520 2790 3603; baseline 0.001 -21"><span class='ocrx_word' id='word_1_220' title='bbox 495 3520 1007 3583; x_wconf 88' lang='lat' dir='ltr'>inestimabilem</span> <span class='ocrx_word' id='word_1_221' title='bbox 1039 3522 1099 3584; x_wconf 92' lang='lat' dir='ltr'>ei</span> <span class='ocrx_word' id='word_1_222' title='bbox 1131 3520 1480 3583; x_wconf 87' lang='lat' dir='ltr'>conferunt</span> <span class='ocrx_word' id='word_1_223' title='bbox 1510 3520 1928 3603; x_wconf 89' lang='lat' dir='ltr'>dignitatem.</span> <span class='ocrx_word' id='word_1_224' title='bbox 2022 3520 2256 3600; x_wconf 89' lang='lat' dir='ltr'>Neque</span> <span class='ocrx_word' id='word_1_225' title='bbox 2301 3522 2479 3582; x_wconf 89' lang='lat' dir='ltr'>enim</span> <span class='ocrx_word' id='word_1_226' title='bbox 2527 3530 2629 3583; x_wconf 89' lang='lat' dir='ltr'>est</span> <span class='ocrx_word' id='word_1_227' title='bbox 2674 3531 2790 3585; x_wconf 90' lang='lat' dir='ltr'>aut</span> 
     </span>
     <span class='ocr_line' id='line_1_32' title="bbox 384 3604 2792 3691; baseline 0.001 -22"><span class='ocrx_word' id='word_1_228' title='bbox 384 3606 507 3670; x_wconf 87' lang='lat' dir='ltr'>suit</span> <span class='ocrx_word' id='word_1_229' title='bbox 552 3608 913 3688; x_wconf 87' lang='lat' dir='ltr'>aliquando</span> <span class='ocrx_word' id='word_1_230' title='bbox 952 3618 1087 3672; x_wconf 90' lang='lat' dir='ltr'>tam</span> <span class='ocrx_word' id='word_1_231' title='bbox 1136 3609 1406 3688; x_wconf 86' lang='lat' dir='ltr'>grandis</span> <span class='ocrx_word' id='word_1_232' title='bbox 1454 3608 1637 3669; x_wconf 92' lang='lat' dir='ltr'>natio</span> <span class='ocrx_word' id='word_1_233' title='bbox 1686 3626 1815 3687; x_wconf 89' lang='lat' dir='ltr'>que</span> <span class='ocrx_word' id='word_1_234' title='bbox 1860 3604 2176 3669; x_wconf 87' lang='lat' dir='ltr'>habebat7</span> <span class='ocrx_word' id='word_1_235' title='bbox 2224 3606 2387 3670; x_wconf 93' lang='lat' dir='ltr'>deos</span> <span class='ocrx_word' id='word_1_236' title='bbox 2439 3609 2792 3691; x_wconf 90' lang='lat' dir='ltr'>appropin-</span> 
     </span>
     <span class='ocr_line' id='line_1_33' title="bbox 385 3693 2788 3776; baseline 0.001 -20"><span class='ocrx_word' id='word_1_237' title='bbox 385 3707 667 3775; x_wconf 85' lang='lat' dir='ltr'>quantes</span> <span class='ocrx_word' id='word_1_238' title='bbox 699 3694 820 3757; x_wconf 92' lang='lat' dir='ltr'>sibi</span> <span class='ocrx_word' id='word_1_239' title='bbox 854 3695 1025 3758; x_wconf 89' lang='lat' dir='ltr'>sicut</span> <span class='ocrx_word' id='word_1_240' title='bbox 1056 3695 1246 3758; x_wconf 86' lang='lat' dir='ltr'>adest</span> <span class='ocrx_word' id='word_1_241' title='bbox 1277 3693 1469 3757; x_wconf 90' lang='lat' dir='ltr'>nobis</span> <span class='ocrx_word' id='word_1_242' title='bbox 1502 3694 1687 3756; x_wconf 90' lang='lat' dir='ltr'>Deus</span> <span class='ocrx_word' id='word_1_243' title='bbox 1721 3703 1958 3757; x_wconf 91' lang='lat' dir='ltr'>noster.</span> <span class='ocrx_word' id='word_1_244' title='bbox 2035 3694 2438 3776; x_wconf 89' lang='lat' dir='ltr'>Vnigenitus</span> <span class='ocrx_word' id='word_1_245' title='bbox 2461 3694 2788 3775; x_wconf 91' lang='lat' dir='ltr'>siquidem</span> 
     </span>
     <span class='ocr_line' id='line_1_34' title="bbox 389 3780 2788 3864; baseline 0 -20"><span class='ocrx_word' id='word_1_246' title='bbox 389 3780 516 3844; x_wconf 91' lang='lat' dir='ltr'>Dei</span> <span class='ocrx_word' id='word_1_247' title='bbox 550 3780 764 3844; x_wconf 86' lang='lat' dir='ltr'>filius:</span> <span class='ocrx_word' id='word_1_248' title='bbox 829 3802 945 3844; x_wconf 88' lang='lat' dir='ltr'>sue</span> <span class='ocrx_word' id='word_1_249' title='bbox 995 3783 1363 3844; x_wconf 89' lang='lat' dir='ltr'>diuinitatis</span> <span class='ocrx_word' id='word_1_250' title='bbox 1414 3781 1643 3843; x_wconf 89' lang='lat' dir='ltr'>volens</span> <span class='ocrx_word' id='word_1_251' title='bbox 1698 3801 1818 3843; x_wconf 90' lang='lat' dir='ltr'>nos</span> <span class='ocrx_word' id='word_1_252' title='bbox 1871 3801 2015 3843; x_wconf 85' lang='lat' dir='ltr'>esse</span> <span class='ocrx_word' id='word_1_253' title='bbox 2071 3782 2438 3864; x_wconf 83' lang='lat' dir='ltr'>participeS,</span> <span class='ocrx_word' id='word_1_254' title='bbox 2494 3791 2788 3845; x_wconf 87' lang='lat' dir='ltr'>nostram</span> 
     </span>
     <span class='ocr_line' id='line_1_35' title="bbox 385 3867 2793 3952; baseline 0.002 -23"><span class='ocrx_word' id='word_1_255' title='bbox 385 3878 688 3931; x_wconf 90' lang='lat' dir='ltr'>naturam</span> <span class='ocrx_word' id='word_1_256' title='bbox 737 3870 1114 3952; x_wconf 86' lang='lat' dir='ltr'>assumpsit,</span> <span class='ocrx_word' id='word_1_257' title='bbox 1159 3878 1230 3931; x_wconf 91' lang='lat' dir='ltr'>vt</span> <span class='ocrx_word' id='word_1_258' title='bbox 1274 3868 1579 3930; x_wconf 83' lang='lat' dir='ltr'>homines</span> <span class='ocrx_word' id='word_1_259' title='bbox 1631 3867 1794 3930; x_wconf 87' lang='lat' dir='ltr'>deos</span> <span class='ocrx_word' id='word_1_260' title='bbox 1848 3867 2091 3931; x_wconf 85' lang='lat' dir='ltr'>faceret</span> <span class='ocrx_word' id='word_1_261' title='bbox 2139 3867 2350 3930; x_wconf 88' lang='lat' dir='ltr'>sactus</span> <span class='ocrx_word' id='word_1_262' title='bbox 2397 3867 2527 3931; x_wconf 80' lang='lat' dir='ltr'>est⁸</span> <span class='ocrx_word' id='word_1_263' title='bbox 2573 3868 2793 3934; x_wconf 81' lang='lat' dir='ltr'>home.</span> 
     </span>
     <span class='ocr_line' id='line_1_36' title="bbox 387 3954 2793 4039; baseline 0.001 -23"><span class='ocrx_word' id='word_1_264' title='bbox 387 3954 478 4017; x_wconf 91' lang='lat' dir='ltr'>Et</span> <span class='ocrx_word' id='word_1_265' title='bbox 508 3955 633 4019; x_wconf 93' lang='lat' dir='ltr'>hoc</span> <span class='ocrx_word' id='word_1_266' title='bbox 666 3955 932 4039; x_wconf 92' lang='lat' dir='ltr'>insuper</span> <span class='ocrx_word' id='word_1_267' title='bbox 961 3981 973 4019; x_wconf 90' lang='lat'>:</span> <span class='ocrx_word' id='word_1_268' title='bbox 1020 3956 1201 4037; x_wconf 91' lang='lat' dir='ltr'>quod</span> <span class='ocrx_word' id='word_1_269' title='bbox 1232 3954 1316 4018; x_wconf 90' lang='lat' dir='ltr'>de</span> <span class='ocrx_word' id='word_1_270' title='bbox 1349 3964 1575 4016; x_wconf 90' lang='lat' dir='ltr'>nostro</span> <span class='ocrx_word' id='word_1_271' title='bbox 1604 3956 1967 4036; x_wconf 90' lang='lat' dir='ltr'>assumpsit</span> <span class='ocrx_word' id='word_1_272' title='bbox 2012 3963 2226 4017; x_wconf 91' lang='lat' dir='ltr'>totum</span> <span class='ocrx_word' id='word_1_273' title='bbox 2277 3954 2469 4017; x_wconf 92' lang='lat' dir='ltr'>nobis</span> <span class='ocrx_word' id='word_1_274' title='bbox 2513 3956 2793 4020; x_wconf 90' lang='lat' dir='ltr'>contulit</span> 
     </span>
     <span class='ocr_line' id='line_1_37' title="bbox 385 4041 2788 4125; baseline 0.001 -22"><span class='ocrx_word' id='word_1_275' title='bbox 385 4041 471 4104; x_wconf 93' lang='lat' dir='ltr'>ad</span> <span class='ocrx_word' id='word_1_276' title='bbox 502 4043 802 4106; x_wconf 90' lang='lat' dir='ltr'>salutem.</span> <span class='ocrx_word' id='word_1_277' title='bbox 895 4043 1150 4125; x_wconf 90' lang='lat' dir='ltr'>Corpus</span> <span class='ocrx_word' id='word_1_278' title='bbox 1183 4061 1472 4122; x_wconf 85' lang='lat' dir='ltr'>namque</span> <span class='ocrx_word' id='word_1_279' title='bbox 1502 4061 1694 4104; x_wconf 89' lang='lat' dir='ltr'>suum</span> <span class='ocrx_word' id='word_1_280' title='bbox 1730 4062 1848 4124; x_wconf 91' lang='lat' dir='ltr'>pro</span> <span class='ocrx_word' id='word_1_281' title='bbox 1880 4050 2105 4103; x_wconf 90' lang='lat' dir='ltr'>nostra</span> <span class='ocrx_word' id='word_1_282' title='bbox 2151 4042 2684 4105; x_wconf 87' lang='lat' dir='ltr'>reconciliatione</span> <span class='ocrx_word' id='word_1_283' title='bbox 2722 4043 2788 4106; x_wconf 90' lang='lat' dir='ltr'>in</span> 
     </span>
     <span class='ocr_line' id='line_1_38' title="bbox 384 4128 2789 4211; baseline 0 -20"><span class='ocrx_word' id='word_1_284' title='bbox 384 4148 497 4191; x_wconf 90' lang='lat' dir='ltr'>ara</span> <span class='ocrx_word' id='word_1_285' title='bbox 541 4131 752 4192; x_wconf 89' lang='lat' dir='ltr'>crucis</span> <span class='ocrx_word' id='word_1_286' title='bbox 798 4130 1081 4192; x_wconf 90' lang='lat' dir='ltr'>hostiam</span> <span class='ocrx_word' id='word_1_287' title='bbox 1131 4129 1373 4193; x_wconf 90' lang='lat' dir='ltr'>obtulit</span> <span class='ocrx_word' id='word_1_288' title='bbox 1406 4129 1533 4192; x_wconf 92' lang='lat' dir='ltr'>deo</span> <span class='ocrx_word' id='word_1_289' title='bbox 1584 4131 1771 4211; x_wconf 90' lang='lat' dir='ltr'>patri,</span> <span class='ocrx_word' id='word_1_290' title='bbox 1821 4128 2207 4210; x_wconf 84' lang='lat' dir='ltr'>sanguinem</span> <span class='ocrx_word' id='word_1_291' title='bbox 2258 4149 2448 4192; x_wconf 91' lang='lat' dir='ltr'>suum</span> <span class='ocrx_word' id='word_1_292' title='bbox 2501 4129 2670 4192; x_wconf 90' lang='lat' dir='ltr'>fudit</span> <span class='ocrx_word' id='word_1_293' title='bbox 2723 4131 2789 4193; x_wconf 90' lang='lat' dir='ltr'>in</span> 
     </span>
    </p>
   </div>
   <div class='ocr_carea' id='block_1_13' title="bbox 478 4262 2720 4460">
    <p class='ocr_par' dir='ltr' id='par_1_16' title="bbox 478 4262 2720 4460">
     <span class='ocr_line' id='line_1_39' title="bbox 480 4262 2720 4331; baseline 0.001 -18"><span class='ocrx_word' id='word_1_294' title='bbox 480 4262 497 4293; x_wconf 84' lang='lat'>¹</span> <span class='ocrx_word' id='word_1_295' title='bbox 542 4265 680 4313; x_wconf 83' lang='lat' dir='ltr'>Thus</span> <span class='ocrx_word' id='word_1_296' title='bbox 703 4266 805 4313; x_wconf 83' lang='lat' dir='ltr'>also</span> <span class='ocrx_word' id='word_1_297' title='bbox 828 4264 905 4328; x_wconf 90' lang='lat'>38.</span> <span class='ocrx_word' id='word_1_298' title='bbox 980 4275 1188 4331; x_wconf 86' lang='lat' dir='ltr'>potum:</span> <span class='ocrx_word' id='word_1_299' title='bbox 1226 4277 1304 4328; x_wconf 88' lang='lat'>39.</span> <span class='ocrx_word' id='word_1_300' title='bbox 1335 4274 1428 4313; x_wconf 85' lang='lat' dir='ltr'>etc.</span> <span class='ocrx_word' id='word_1_301' title='bbox 1817 4262 1840 4293; x_wconf 76' lang='lat'>2</span> <span class='ocrx_word' id='word_1_302' title='bbox 1871 4264 2030 4313; x_wconf 88' lang='lat' dir='ltr'>nobis.</span> <span class='ocrx_word' id='word_1_303' title='bbox 2081 4272 2136 4313; x_wconf 85' lang='lat' dir='ltr'>vt</span> <span class='ocrx_word' id='word_1_304' title='bbox 2157 4273 2342 4328; x_wconf 82' lang='lat' dir='ltr'>supra:</span> <span class='ocrx_word' id='word_1_305' title='bbox 2376 4268 2486 4314; x_wconf 84' lang='lat' dir='ltr'>add.</span> <span class='ocrx_word' id='word_1_306' title='bbox 2519 4279 2598 4328; x_wconf 84' lang='lat'>39.</span> <span class='ocrx_word' id='word_1_307' title='bbox 2626 4274 2720 4316; x_wconf 84' lang='lat' dir='ltr'>etc.</span> 
     </span>
     <span class='ocr_line' id='line_1_40' title="bbox 479 4327 2275 4396; baseline -0.001 -17"><span class='ocrx_word' id='word_1_308' title='bbox 479 4327 501 4358; x_wconf 84' lang='lat'><strong>³</strong></span> <span class='ocrx_word' id='word_1_309' title='bbox 532 4331 718 4379; x_wconf 84' lang='lat' dir='ltr'>dictum</span> <span class='ocrx_word' id='word_1_310' title='bbox 729 4329 878 4395; x_wconf 82' lang='lat' dir='ltr'>fuit:</span> <span class='ocrx_word' id='word_1_311' title='bbox 909 4333 1020 4380; x_wconf 79' lang='lat' dir='ltr'>add.</span> <span class='ocrx_word' id='word_1_312' title='bbox 1051 4343 1129 4393; x_wconf 89' lang='lat'>39.</span> <span class='ocrx_word' id='word_1_313' title='bbox 1158 4341 1252 4380; x_wconf 88' lang='lat' dir='ltr'>etc.</span> <span class='ocrx_word' id='word_1_314' title='bbox 1814 4328 1834 4358; x_wconf 66' lang='lat'>&#39;¹</span> <span class='ocrx_word' id='word_1_315' title='bbox 1866 4329 2022 4390; x_wconf 83' lang='lat' dir='ltr'>[xlvii.</span> <span class='ocrx_word' id='word_1_316' title='bbox 2053 4331 2275 4396; x_wconf 70' lang='lat'>29-31.]¹</span> 
     </span>
     <span class='ocr_line' id='line_1_41' title="bbox 478 4391 2313 4460; baseline -0.001 -16"><span class='ocrx_word' id='word_1_317' title='bbox 478 4393 499 4423; x_wconf 78' lang='lat'>⁶</span> <span class='ocrx_word' id='word_1_318' title='bbox 531 4394 636 4454; x_wconf 84' lang='lat' dir='ltr'>[vii.</span> <span class='ocrx_word' id='word_1_319' title='bbox 664 4398 870 4460; x_wconf 83' lang='lat'><strong>42-59.]</strong></span> <span class='ocrx_word' id='word_1_320' title='bbox 1813 4391 1834 4423; x_wconf 80' lang='lat'>⁶</span> <span class='ocrx_word' id='word_1_321' title='bbox 1867 4411 1951 4444; x_wconf 90' lang='lat' dir='ltr'>se:</span> <span class='ocrx_word' id='word_1_322' title='bbox 1987 4396 2097 4443; x_wconf 83' lang='lat' dir='ltr'>add.</span> <span class='ocrx_word' id='word_1_323' title='bbox 2127 4394 2206 4457; x_wconf 88' lang='lat'>63.</span> <span class='ocrx_word' id='word_1_324' title='bbox 2235 4394 2313 4444; x_wconf 88' lang='lat'>66.</span> 
     </span>
    </p>
   </div>
   <div class='ocr_carea' id='block_1_14' title="bbox 478 4457 2521 4592">
    <p class='ocr_par' dir='ltr' id='par_1_17' title="bbox 478 4457 2521 4592">
     <span class='ocr_line' id='line_1_42' title="bbox 482 4457 2177 4524; baseline 0 -15"><span class='ocrx_word' id='word_1_325' title='bbox 482 4457 503 4491; x_wconf 82' lang='lat'>⁷</span> <span class='ocrx_word' id='word_1_326' title='bbox 536 4461 752 4511; x_wconf 81' lang='lat' dir='ltr'>habeat:</span> <span class='ocrx_word' id='word_1_327' title='bbox 790 4474 868 4524; x_wconf 90' lang='lat'>39.</span> <span class='ocrx_word' id='word_1_328' title='bbox 897 4470 991 4511; x_wconf 86' lang='lat' dir='ltr'>etc.</span> <span class='ocrx_word' id='word_1_329' title='bbox 1814 4458 1835 4488; x_wconf 79' lang='lat'><strong>⁸</strong></span> <span class='ocrx_word' id='word_1_330' title='bbox 1867 4477 1959 4507; x_wconf 84' lang='lat' dir='ltr'>om.</span> <span class='ocrx_word' id='word_1_331' title='bbox 1991 4471 2067 4522; x_wconf 93' lang='lat'>39.</span> <span class='ocrx_word' id='word_1_332' title='bbox 2098 4473 2177 4522; x_wconf 87' lang='lat'>41.</span> 
     </span>
     <span class='ocr_line' id='line_1_43' title="bbox 478 4539 2521 4592; baseline 0 -4"><span class='ocrx_word' id='word_1_333' title='bbox 478 4539 537 4589; x_wconf 84' lang='lat' dir='ltr'>B.</span> <span class='ocrx_word' id='word_1_334' title='bbox 575 4541 638 4592; x_wconf 79' lang='lat' dir='ltr'>R.</span> <span class='ocrx_word' id='word_1_335' title='bbox 673 4540 743 4589; x_wconf 87' lang='lat' dir='ltr'>N.</span> <span class='ocrx_word' id='word_1_336' title='bbox 2472 4540 2521 4589; x_wconf 84' lang='lat' dir='ltr'>N</span> 
     </span>
    </p>
   </div>
  </div>
 </body>
</html>
