3293 5225
552 429 636 479 lxx
1248 429 1507 477 INDEX
1557 429 1654 477 IN
1659 430 1830 478 VITA
1844 431 1893 477 T
1891 430 2117 479 oRlole
2131 431 2248 478 VM

999 613 1066 683 (I
1112 607 1406 691 Quando
1437 617 1723 689 quatuor
1754 617 2056 689 tempora
2088 608 2518 671 celebrentur.

680 725 748 795 (I
792 719 1178 783 Notandum
1237 720 1413 802 quod
1463 729 1745 800 quatuor
1802 730 2083 801 tempora
2133 701 2389 801 ’semper
2443 719 2827 783 celebanturl
2897 720 2970 782 in

537 806 743 888 ferg‘ys
806 808 1063 890 quartis
1107 806 1433 888 proximzs
1481 817 1631 887 post
1688 806 1826 869 dies
1889 817 2104 869 sancte
2165 807 2376 882 Lucie,
2429 818 2489 870 et
2562 807 2619 873 C
2615 808 2868 870 ineram
2914 817 2975 869 et

552 894 947 957 pentecostes
993 904 1056 956 et
1105 894 1517 957 exallationis
1567 904 1785 957 sancte
1836 893 1892 958 C
1889 895 2076 970 ruas,
2123 894 2193 956 in
2240 894 2438 975 officio
2481 905 2699 958 autem
2746 895 2972 957 diuino

553 981 729 1043 m'lzil
738 991 1075 1062 propterea
1103 981 1381 1042 additur
1424 979 1569 1042 αιιίἐξ
1601 980 1943 1056 minuitur,
1972 982 2092 1044 sed
2129 982 2336 1044 solum
2382 981 2490 1044 hic
2519 992 2872 1063 ponuntur,
2905 991 2980 1043 vt

550 1068 719 1130 scias
775 1068 1033 1149 quando
1090 1068 1502 1144 celebrantur,
1534 1078 1800 1148 propter
1856 1068 2172 1130 ieiunium
2232 1079 2295 1130 et
2351 1090 2426 1130 ea
2482 1088 2603 1151 que
2661 1069 2730 1130 in
2786 1069 2980 1130 misse

552 1154 961 1218 celebratione
990 1154 1060 1217 in
1091 1156 1184 1217 eis
1212 1155 1481 1217 dicenda
1509 1165 1680 1219 sunt.

598 1272 747 1417 ffiQI
796 1266 976 1350 Quid
1024 1266 1301 1349 singulis
1350 1265 1587 1329 diebus
1633 1266 2119 1330 aduertendum
2179 1268 2264 1330 sit
2314 1278 2678 1350 antequam
2713 1267 2972 1330 dicatur

548 1376 593 1416 o
668 1375 863 1418 crum.

682 1472 750 1542 {I
796 1466 1117 1529 Dicturus
1245 1487 1392 1547 ergo
1535 1464 1812 1546 officium
1931 1466 2236 1529 diuinum
2354 1467 2637 1549 singulis
2751 1465 2975 1529 diebus

552 1553 1076 1616 animaduertere
1125 1552 1329 1615 debet³
1357 1551 1448 1614 sil
1500 1573 1578 1614 ne
1629 1552 1955 1615 dominica
2001 1574 2091 1614 an
2118 1553 2326 1633 seria,
2351 1555 2502 1617 aut*
2528 1554 2884 1629 sabbatum,
2915 1562 2977 1614 et

552 1662 674 1723 que
718 1641 1042 1703 dominica
1088 1640 1194 1702 vel
1214 1660 1334 1723 que
1371 1640 1559 1720 seria
1581 1663 1604 1702 .·
1652 1639 1804 1701 item
1835 1650 2065 1721 quotus
2093 1641 2231 1704 dies
2260 1641 2499 1703 mensis
2525 1641 2632 1705 sit.
2721 1640 2976 1703 Deinde

553 1727 859 1808 inspiciat
900 1727 1068 1808 quid
1108 1748 1174 1789 eo
1218 1726 1323 1788 die
1365 1737 1662 1790 occurrat
1711 1727 1781 1788 z'n
1833 1727 2200 1790 calendario
2253 1729 2360 1790 vel
2384 1729 2453 1790 in
2484 1727 2880 1802 dominicali,
2909 1736 2975 1789 et

551 1814 645 1877 sic
668 1836 751 1877 ex
771 1813 1250 1895 suprascrzjotis⁵
1283 1813 1527 1896 regulis
1552 1814 1682 1876 erit
1731 1814 1796 1876 ei
1804 1814 2212 1894 facillimum
2263 1815 2430 1877 scire
2471 1815 2647 1895 quod
2691 1813 2968 1896 officium

548 1922 756 1984 agere,
782 1922 943 1983 quos
971 1901 1124 1964 item
1140 1901 1450 1984 psalmos,
1479 1910 1543 1962 et
1567 1921 1733 1983 quas
1762 1900 2051 1963 lectiones
2079 1902 2282 1982 legere
2312 1903 2545 1965 debeat.

1044 2110 1112 2180 (I
1163 2103 1500 2168 1NDEX⁶
1567 2102 2468 2178 INVITATORIORVM,

550 2239 615 2293 et
676 2229 1109 2312 Hymnorum,
1152 2226 1300 2311 ⁷qui
1345 2229 1606 2292 dicendi
1657 2226 1842 2290 sunt⁷
1878 2239 1999 2310 per
2056 2237 2257 2290 totum
2303 2247 2553 2290 annum
2597 2226 2855 2308 quando
2883 2223 2981 2307 fit

552 2316 828 2400 officium
859 2317 937 2379 de
964 2316 1287 2379 dominica
1319 2315 1448 2379 vel⁸
1460 2316 1667 2397 seria.

683 2446 750 2516 ΙΙ
794 2440 879 2502 In
945 2441 1248 2503 aduentu.
1336 2438 1810 2502 Inuitatorium
1992 2439 2284 2503 Domine
2345 2438 2789 2521 prestolamur
2853 2447 2975 2501 etc·

797 2616 1109 2694 Hymnus
1136 2616 1234 2678 ad
1258 2612 1686 2677 matutinum⁹
2005 2525 2164 2677 νίζε
2192 2525 2533 2678 Ξςῗειξὲξῶ.
2572 2627 2652 2693 59
2683 2612 2843 2695 [34].

786 2703 1099 2784 Hymnus
1127 2703 1224 2766 ad
1245 2713 1538 2783 vesperas
1979 2701 2321 2766 Conditor.
2371 2701 2476 2765 fol.
2499 2702 2609 2779 64.
2643 2700 2801 2782 [42].

686 2821 754 2891 (I
798 2815 908 2878 Ab
968 2825 1197 2878 octaua
1262 2813 1598 2895 epiphanie
1650 2835 1847 2895 vsque
1911 2815 2010 2877 ad
2072 2813 2610 2895 septuagesimam
2666 2811 2865 2874 ¹⁰item
2935 2832 2979 2871 a

556 2903 878 2965 dominica
896 2901 1124 2982 prima
1140 2911 1291 2983 post
1305 2910 1702 2983 pentecosten
1736 2922 1930 2982 vsque
1958 2901 2055 2963 ad
2076 2898 2502 2963 aduentum.¹⁰

731 3012 1201 3076 Inuitatorium
1733 3011 2101 3075 Dominum
2166 3014 2280 3093 qui
2339 3011 2491 3076 fecit
2543 3032 2667 3073 nos
2721 3010 2804 3073 [ο.

739 3187 1047 3268 Hymnus
1074 3185 1170 3248 ad
1196 3184 1622 3249 matutinum⁹
1745 3185 1804 3247 N
1812 3100 1960 3248 0233?
1990 3098 2319 3268 Ξῖιίἔὲηεῃ
2354 3184 2462 3249 fol.
2498 3186 2620 3262 267
2656 3183 2858 3267 [172].

732 3274 1041 3356 Hymnus
1067 3275 1163 3336 ad
1188 3285 1480 3355 vesperas
1729 3272 1792 3336 O
1828 3273 1945 3335 lux
1980 3274 2193 3336 beata.
2226 3271 2310 3336 fo,
2345 3274 2469 3335 268
2502 3271 2709 3354 [174].

686 3391 753 3463 ΙΙ
799 3387 860 3449 Α
928 3387 1252 3449 dominica
1312 3386 1379 3449 in
1439 3386 1911 3467 septuagesima
1962 3407 2153 3467 vsque
2211 3385 2309 3448 ad
2350 3385 2608 3465 seriam
2666 3394 2976 3464 quartam

558 3495 861 3537 cenerum.

806 3585 1278 3650 Inuitatorium
1809 3586 2337 3668 Preoccupemus
2374 3585 2625 3648 faciem.
2661 3584 2742 3647 so,

808 3760 1118 3840 Hymnus
1147 3760 1244 3823 ad
1268 3757 1718 3822 matutinum¹²
1804 3671 2313 3822 Prlir3n30[c71i6grum
2349 3758 2455 3823 sol.
2497 3776 2613 3839 133
2647 3758 2807 3841 [76].

810 3847 1121 3929 Hymnus
1150 3848 1247 3910 ad
1269 3857 1563 3928 vesperas
1802 3846 2003 3910 Lucis
2035 3846 2312 3911 Creator
2343 3845 2450 3909 sol.
2496 3863 2613 3926 134
2644 3845 2806 3928 [77].

660 3970 675 4002 ¹
721 3971 861 4020 Thus
882 3972 985 4019 also
1006 3971 1072 4032 64
1077 3971 1173 4036 sor
1192 3970 1508 4020 celebrantur
1530 3972 1586 4018 in
1609 3969 1751 4018 other
1769 3970 1992 4018 editebns.

656 4035 681 4067 ²
712 4046 794 4086 et:
830 4036 909 4085 61.
940 4036 1019 4097 64.
1927 4033 1949 4063 ³
1980 4034 2166 4084 debes:
2203 4034 2282 4084 61.
2311 4034 2389 4097 64.

658 4100 680 4132 ⁴
713 4117 812 4152 an:
851 4101 927 4165 38.
959 4114 1036 4164 39.
1925 4098 1946 4129 ⁸
1978 4100 2308 4165 supradictis:
2346 4099 2423 4163 38.
2454 4112 2531 4163 39.

658 4165 680 4198 ⁶
713 4167 839 4216 This
862 4167 1010 4216 index
1034 4167 1075 4216 is
1099 4165 1298 4231 printed
1312 4181 1380 4214 on
1398 4166 1491 4214 last
1515 4164 1620 4214 leaf
1635 4167 1695 4214 of
1722 4177 1801 4228 39.
1830 4165 1990 4215 above
2014 4166 2282 4229 colophon.
2359 4164 2582 4215 prefixed
2606 4164 2649 4214 is
2670 4180 2737 4214 an
2756 4164 2904 4213 index
2931 4173 2985 4212 to

563 4235 646 4283 the
670 4233 872 4298 pealms,
899 4241 986 4282 not
1009 4233 1128 4288 here
1150 4230 1475 4296 reproduced.
1550 4231 1609 4279 In
1626 4229 1893 4280 thisindex
1914 4231 1972 4280 of
1988 4231 2314 4290 invitatories,
2333 4231 2396 4294 63
2420 4230 2598 4280 inserts
2617 4229 2720 4280 first
2745 4229 2907 4278 words
2931 4228 2990 4277 of

561 4300 792 4348 anthems
813 4310 862 4348 at
886 4297 1110 4356 mattins,
1138 4297 1296 4355 laude,
1322 4296 1423 4345 and
1446 4312 1663 4361 vespers.
1947 4294 2054 4333 ⁷—7
2087 4296 2412 4345 dicendorum
2435 4315 2449 4345 ι
2485 4296 2564 4344 60.

660 4363 681 4394 ⁸
713 4363 812 4413 de:
849 4365 960 4413 add.
991 4375 1067 4425 39.
1098 4362 1177 4412 61.
1208 4361 1286 4425 63.
1316 4362 1394 4422 64.
1426 4360 1505 4410 66.
2022 4359 2044 4390 ⁹
2076 4362 2381 4412 matutinas:
2418 4373 2497 4424 43.

662 4427 807 4466 ¹⁰—¹⁰
838 4445 930 4477 om.
961 4428 1039 4478 60.
1996 4424 2032 4456 ¹¹
2075 4427 2216 4475 Thus
2237 4429 2341 4475 also
2362 4425 2439 4490 38.
2472 4435 2759 4491 surgentes:
2797 4437 2859 4488 39
2883 4433 2979 4474 etc.

665 4492 708 4525 ¹²
739 4493 1010 4544 matutinas
1031 4512 1044 4543 z
1081 4505 1160 4557 43.
