3293 5225
880 476 1139 526 INDEX
1166 475 1459 526 DOMINI
1461 475 1549 525 CA
1556 475 1606 524 R
1615 475 1732 525 UM
1773 476 1860 523 VA
1870 473 2240 524 GANTIUM.
2683 488 2701 523 1
2710 474 2776 536 87

504 644 617 710 155
629 646 683 710 3.
729 629 874 693 Hoc
900 650 1073 694 anno
1103 629 1209 694 die
1235 650 1399 693 xxv.
1430 628 1631 711 Iunij,
1652 626 1997 710 interpone¹
2020 627 2364 690 secundam
2384 628 2772 709 vagantium

361 715 520 797 quia
552 717 863 798 repetitur
902 716 1209 799 quamuis
1251 716 1409 778 lecta
1420 716 1645 796 fuerit
1671 724 1823 776 ante
1871 714 2425 797 septuagesimam,
2473 724 2536 776 et
2562 713 2773 796 finita

360 802 501 865 eius
526 802 939 878 hebdomada,
973 813 1285 866 reuertere
1312 802 1409 865 ad
1432 802 1820 866 dominicam
1850 801 2148 884 quintam
2175 811 2330 883 post
2360 811 2773 883 pentecosten.

360 889 525 952 Item
557 891 663 953 die
692 888 874 973 .xiij.2
903 890 1204 971 Augusti
1228 891 1552 971 interpone
1582 889 1842 951 tertiam
1873 888 2260 969 vagantium
2291 898 2355 950 et
2378 887 2589 969 finita
2635 888 2775 950 eius

358 975 752 1040 hebdomada
765 989 1149 1060 prosequere
1174 977 1400 1040 statim
1431 977 1536 1039 die
1562 998 1683 1040 .xx.
1713 976 2013 1056 Augusti
2035 984 2341 1057 quartam
2385 975 2773 1057 vagantium

357 1073 421 1125 et
446 1073 891 1145 consequenter
913 1085 1103 1126 suam
1134 1063 1596 1127 hebdomadam
1626 1063 1858 1125 deinde
1888 1072 2199 1124 reuertere
2244 1062 2341 1124 ad
2383 1062 2772 1124 dominicam

354 1151 457 1215 xi.
472 1160 627 1233 post
637 1162 1048 1233 pentecosten.

498 1252 568 1317 15
584 1252 678 1318 54.
725 1237 870 1301 Hoc
923 1259 1095 1301 anno
1154 1238 1223 1299 in
1286 1237 1391 1300 die
1462 1237 1678 1300 sancti
1745 1235 2017 1298 Ioannis
2090 1236 2362 1318 baptiste
2406 1236 2773 1318 interpone,³

347 1324 643 1405 primam
664 1326 1049 1407 vagantium
1070 1335 1133 1387 et
1142 1324 1352 1406 finita
1374 1325 1513 1387 eius
1529 1323 1925 1386 hebdomada
1947 1333 2258 1386 reuertere
2277 1324 2375 1385 ad
2384 1322 2773 1386 dominicam

356 1420 602 1474 sextam
619 1421 772 1494 post
805 1422 1216 1494 pentecosten.
1304 1411 1470 1474 Item
1521 1411 1626 1473 die
1674 1410 2047 1473 duodecima
2100 1410 2409 1492 Augusti
2451 1411 2778 1491 interpone

355 1499 698 1562 secundam
731 1499 1115 1580 vagantium
1160 1508 1224 1562 et
1249 1497 1459 1580 finita
1510 1498 1650 1560 eius
1698 1497 2089 1560 hebdomada
2121 1509 2504 1580 prosequere
2545 1496 2772 1559 statim

357 1585 462 1647 die
533 1585 680 1650 .xix.
753 1586 1034 1648 eiusdem
1110 1586 1349 1648 mensis
1422 1585 1700 1659 tertiam,
1780 1585 2179 1666 vagantium,
2255 1594 2317 1647 et
2354 1583 2565 1666 finita
2637 1583 2778 1646 eius

356 1670 768 1749 hebdomada,
801 1684 1112 1735 reuertere
1138 1673 1236 1735 ad
1256 1673 1643 1735 dominicam
1670 1671 1798 1753 xij.
1815 1681 1969 1752 post
1980 1681 2392 1754 pentecosten.
2481 1671 2646 1733 Item
2670 1670 2776 1733 die

358 1758 460 1822 .ix.
497 1759 905 1841 Septembris,
937 1760 1261 1841 interpone
1281 1769 1585 1840 quartam
1611 1759 2014 1839 vagantium,
2045 1768 2108 1820 et
2126 1768 2570 1839 consequenter
2584 1778 2774 1820 suam

358 1845 819 1909 hebdomadam
850 1847 1079 1909 deinde
1100 1856 1413 1909 reuertere
1440 1846 1537 1908 ad
1557 1846 1946 1908 dominicam
1970 1845 2280 1907 decimam
2304 1855 2609 1927 quartam
2625 1854 2781 1927 post

340 1942 752 2013 pentecosten.

500 2037 520 2082 1
539 2033 570 2099 5
583 2033 612 2099 5
626 2034 678 2099 5.
725 2019 871 2083 Hoc
896 2040 1067 2082 anno
1097 2020 1201 2082 die
1231 2042 1391 2084 xxx.
1425 2018 1625 2099 Iunis,
1659 2020 1988 2101 interpone
2028 2019 2418 2081 dominicam
2467 2029 2774 2101 quartam

360 2107 745 2187 vagantium
820 2117 884 2169 et
935 2107 1146 2189 finita
1217 2107 1357 2169 eius
1412 2106 1809 2170 hebdomada
1870 2116 2182 2168 reuertere
2237 2106 2335 2168 ad
2383 2106 2774 2168 dominicam

357 2203 663 2274 quartam
679 2203 833 2276 post
844 2203 1256 2275 pentecosten.

500 2281 679 2360 1556.
728 2281 870 2344 Hoc
896 2302 1067 2343 anno
1096 2281 1201 2343 die
1227 2280 1471 2362 xxviij.
1502 2279 1696 2363 Iunij
1717 2280 2062 2362 interpone⁴
2089 2280 2348 2343 tertiam
2373 2280 2783 2361 vagantium,

357 2376 420 2429 et
451 2366 662 2449 finita
719 2367 858 2430 eius
907 2367 1319 2443 hebdomada,
1370 2377 1683 2429 reuertere
1727 2367 1825 2429 ad
1863 2367 2252 2429 dominicam
2297 2367 2595 2449 quintam
2628 2376 2782 2448 post

345 2463 783 2536 pentecosten.
895 2454 1062 2517 Item
1136 2454 1241 2516 die
1299 2454 1530 2536 prima
1602 2453 1999 2517 Nouembris
2073 2455 2398 2535 interpone
2469 2464 2776 2535 quartam

359 2540 747 2623 vagantium
777 2552 840 2604 et
849 2540 1059 2623 finita
1089 2541 1228 2603 eius
1254 2540 1667 2619 hebdomada,
1701 2551 2012 2603 reuertere
2039 2542 2136 2603 ad
2170 2541 2559 2603 dominicam
2605 2540 2779 2624 xxij·

343 2638 498 2710 post
509 2639 921 2711 pentecosten.

499 2733 521 2778 1
540 2729 613 2795 55
622 2731 679 2795 7.
723 2716 871 2780 Hoc
894 2736 1065 2778 anno
1094 2737 1310 2779 omnes
1331 2716 1558 2797 xxiiij.
1576 2716 1890 2778 domrnzce
1895 2726 2047 2797 post
2053 2726 2449 2798 pentecosten
2470 2716 2783 2797 leguntur

345 2813 475 2883 per
499 2802 788 2865 ordinem
819 2824 1017 2885 vsque
1045 2804 1141 2865 ad
1162 2803 1513 2865 aduentum
1543 2802 1685 2865 sine
1713 2802 1849 2866 vlla
1880 2803 2369 2884 interpositione.

499 2891 679 2969 1558.
725 2889 870 2953 Hoc
895 2910 1067 2952 anno
1096 2890 1201 2952 die
1228 2882 1417 2954 xxvi.
1449 2888 1643 2972 Iuni]
1664 2890 2012 2971 interpone⁶
2040 2898 2347 2971 quartam
2372 2891 2778 2971 vagantium,

358 2985 422 3038 et
458 2976 669 3059 finita
727 2977 865 3039 eius
920 2976 1332 3053 hebdomada,
1385 2987 1700 3040 reuertere
1741 2977 1838 3039 ad
1873 2977 2261 3039 dominicam
2306 2987 2611 3058 quartam
2628 2987 2783 3058 post

348 3073 758 3145 pentecosten.

501 3164 680 3230 1559.
729 3151 873 3214 Hoc
898 3152 1096 3214 Anno
1126 3151 1230 3213 die
1259 3152 1447 3215 ΜΡ
1478 3149 1673 3232 Iunis
1708 3150 2033 3232 interpone
2060 3150 2448 3213 dominicam
2479 3150 2778 3234 primam

364 3238 749 3319 vagantium
780 3238 938 3319 quia
970 3237 1293 3320 repetitur,
1336 3237 1643 3319 quamuis
1685 3237 1779 3298 sit
1818 3236 1977 3300 lecta
2023 3247 2175 3300 ante
2223 3237 2780 3320 septuagesimam,

362 3335 424 3387 et
434 3324 645 3406 finita
674 3324 813 3387 eius
840 3324 1251 3400 hebdomada,
1284 3334 1596 3386 reuertere
1623 3323 1721 3385 ad
1730 3324 2120 3387 dominicam
2137 3334 2383 3387 sextam
2400 3334 2554 3406 post
2557 3335 2778 3407 pente-

362 3420 580 3474 costen.
669 3411 836 3474 Item
861 3411 965 3474 die
995 3412 1150 3493 ..virj
1180 3412 1242 3475 A
1253 3412 1491 3493 ugusti,
1523 3411 1851 3493 interpone
1876 3411 2220 3473 secundam
2250 3412 2639 3493 vagantium
2665 3435 2689 3475 .·
2719 3422 2784 3475 et

345 3498 556 3580 finita
573 3498 713 3560 eius
727 3497 1123 3562 hebdomada
1130 3510 1513 3581 prosequere
1532 3498 1762 3561 statim
1780 3498 1887 3559 die
1907 3519 2026 3562 .xx.
2052 3498 2111 3560 A
2123 3499 2351 3580 ugusti
2362 3499 2779 3562 dominicam⁷

365 3584 625 3647 tertiam
701 3585 1085 3668 vagantium
1111 3608 1135 3649 .·
1208 3595 1272 3647 et
1322 3585 1533 3668 finita
1604 3584 1744 3646 eius
1814 3584 2209 3648 hebdomada
2293 3596 2607 3648 reuertere
2691 3585 2790 3649 ad

364 3671 752 3734 dominicam
783 3673 913 3754 xij.
928 3682 1081 3755 post
1093 3682 1507 3753 pentecosten.
1596 3671 1764 3735 Item
1793 3672 1900 3734 die
1929 3694 2003 3736 .x.
2028 3672 2439 3754 Septembris,
2458 3673 2783 3755 interpone

364 3768 671 3839 quartam
740 3759 1125 3841 vagantium
1199 3769 1261 3822 et
1314 3759 1525 3841 finita
1598 3760 1737 3821 eius
1807 3757 2203 3822 hebdomada
2291 3769 2607 3822 reuertere
2692 3761 2791 3823 ad

364 3845 752 3909 dominicam
783 3846 1095 3909 decimam
1124 3855 1429 3927 quartam
1447 3855 1599 3926 post
1611 3855 2023 3926 pentecosten.

508 3934 688 4013 1560.
737 3932 880 3995 Hoc
904 3954 1077 3995 anno
1106 3934 1210 3995 die
1240 3954 1401 3996 xxx.
1432 3931 1628 4015 Iunis
1668 3932 1993 4014 interpone
2038 3933 2426 3996 dominicam
2474 3944 2783 4015 quartam

369 4019 755 4100 vagantium
814 4030 877 4082 et
915 4018 1126 4101 finita
1182 4020 1321 4081 eius
1376 4019 1773 4083 hebdomada
1847 4031 2160 4082 reuertere
2231 4020 2328 4081 ad
2392 4020 2784 4084 dominicam

366 4116 671 4186 quartam
689 4116 841 4187 post
852 4116 1262 4189 pentecosten.

508 4195 688 4272 1561.
735 4192 881 4256 Hoc
905 4215 1076 4255 anno
1107 4194 1177 4255 in
1210 4193 1315 4256 die
1357 4193 1784 4275 apostolorum
1829 4192 2028 4255 Petri
2072 4202 2137 4255 et
2177 4192 2403 4270 Pauli,
2434 4194 2784 4277 interpone⁸

369 4279 628 4342 tertiam
662 4281 1051 4362 vagantium
1081 4290 1142 4343 et
1153 4280 1362 4362 finita
1384 4280 1523 4342 eius
1539 4279 1933 4343 hebdomada
1958 4290 2270 4345 reuertere
2286 4281 2383 4343 ad
2396 4281 2786 4345 dominicam

467 4417 482 4448 ¹
518 4420 853 4471 dominicam:
889 4422 1000 4471 add.
1031 4433 1108 4484 39.
1137 4435 1217 4482 41.
1452 4418 1610 4498 {xi-j:
1646 4432 1727 4483 43.
1963 4419 1984 4449 ³
2017 4420 2352 4471 dominicam.
2389 4424 2499 4473 add.
2530 4434 2607 4485 39.
2636 4436 2716 4483 41.

467 4484 488 4514 ⁴
520 4486 857 4535 dominicam.
895 4498 973 4549 39.
1001 4500 1081 4547 41.
1317 4485 1338 4515 ⁸
1369 4485 1705 4535 dommncam:
1742 4488 1853 4535 add.
1883 4497 1961 4548 39.
1990 4499 2070 4547 41.
2294 4484 2317 4517 ⁸
2349 4488 2534 4537 xxviii.
2570 4503 2650 4549 44.

466 4547 486 4580 ⁷
519 4567 611 4601 om.
642 4563 719 4614 39.
749 4564 829 4612 41.
1316 4551 1338 4581 ⁸
1368 4551 1708 4601 dominicam:
1745 4552 1857 4601 add.
1887 4563 1964 4614 39.
1992 4565 2072 4612 41.
