3293 5225
522 452 553 502 8
1098 446 1105 453 ⁴
1171 458 1690 507 I'SAL'I‘ERIVM:
1746 458 1836 506 IN
1891 456 2287 506 DOMJNJCA.

1127 616 1195 686 (I
1224 611 1350 675 Ad
1371 612 1704 692 vesperas.¹
1794 610 2109 674 Psalnms
2137 660 2150 673 .
2166 626 2298 689 109.

530 720 817 850 Dlxit
848 722 1159 785 dominus
1190 723 1464 786 domino
1498 744 1648 787 meo
1799 732 2148 805 propterea
2179 722 2506 785 exaltabit
2537 729 2756 803 caput.

1464 896 1808 961 ³Psaltnus
1836 913 1997 960 .110.

654 1006 1008 1070 Onfitebor
1057 1008 1176 1070 tibi
1230 1009 1500 1072 domine
1562 1009 1626 1072 in
1692 1018 1836 1072 toto
1888 1009 2085 1071 corde
2148 1028 2297 1072 meo
2446 1006 2741 1070 laudatio
2800 1005 2942 1068 eius

684 1104 910 1157 manet
943 1096 1007 1156 in
1043 1096 1338 1158 seculum
1372 1095 1589 1159 seculi.

1467 1232 1806 1296 ³Psalmus
1835 1250 1882 1296 .1
1907 1249 1997 1312 13.

538 1342 671 1469 IN
705 1344 895 1408 exitu
933 1343 1134 1407 Israel
1169 1343 1252 1406 de
1288 1343 1566 1426 Egypto
1716 1363 1923 1425 vsque
1957 1345 2019 1405 in
2055 1344 2367 1406 seculum.

661 1516 1001 1581 Canticum
1035 1519 1231 1582 beate⁴
1262 1517 1571 1600 virgines-³
1600 1527 1665 1580 et
1691 1518 1937 1580 dicitur
1962 1518 2246 1600 quotidie
2274 1518 2372 1581 ad
2394 1519 2727 1598 vespernas·

540 1628 1050 1758 MAgnificat
1080 1631 1305 1692 anima
1340 1650 1488 1693 mea
1518 1631 1886 1693 dominum.

740 1716 829 1778 Et
861 1716 1197 1779 exultauit
1230 1715 1503 1799 spiritus
1536 1736 1724 1779 meus
1759 1717 1824 1778 in
1857 1717 1986 1780 deo
2016 1717 2286 1780 salutari
2322 1737 2488 1779 meo,

658 1802 837 1886 Quia
900 1805 1194 1886 respexit
1254 1804 1697 1867 humilitatem
1760 1804 1997 1866 ancille
2059 1824 2174 1866 sue
2210 1827 2223 1866 :
2256 1825 2409 1867 ecce
2454 1805 2632 1866 enim
2679 1824 2767 1866 ex
2817 1802 2941 1864 hoc

525 1891 793 1953 beatam
830 1911 939 1953 me
968 1892 1193 1954 dicent
1224 1911 1458 1954 omnes
1488 1892 1966 1973 generationes

658 1976 837 2059 Quia
869 1977 1024 2040 fecit
1072 1978 1233 2041 mihi
1283 1998 1529 2060 magna
1578 1978 1693 2058 qui
1747 1988 1987 2060 potens
2039 1988 2139 2041 est
2176 1987 2289 2040 :et
2342 1987 2645 2041 sanctum
2697 1997 2940 2039 nomen

517 2064 686 2128 eius,

664 2151 756 2215 Et
790 2151 1237 2214 misericordia
1269 2152 1411 2214 eius
1442 2173 1483 2214 a
1516 2151 1832 2234 progenie
1865 2152 1928 2213 in
1964 2153 2315 2233 progenies
2347 2151 2736 2214 timentibus
2765 2170 2938 2212 eum.

660 2237 847 2302 Fecit
910 2240 1277 2320 potentiam
1336 2239 1400 2301 in
1457 2239 1727 2302 brachio
1777 2259 1897 2301 suo
1934 2263 1947 2301 :
1980 2238 2291 2321 dispersit
2343 2238 2664 2321 superbos
2719 2247 2942 2301 mente

526 2325 749 2389 cordis
779 2327 897 2388 sui.

664 2412 998 2495 Deposuit
1030 2422 1339 2494 potentes
1371 2412 1455 2475 de
1487 2413 1643 2475 sede
1680 2436 1693 2475 :
1725 2422 1795 2475 et
1825 2411 2179 2476 exaltauit⁷
2213 2412 2510 2475 humiles,

661 2499 1046 2563 Esurientes
1080 2500 1384 2582 impleuit
1416 2499 1606 2562 bonis
1635 2509 1704 2561 et
1734 2498 1976 2562 diuites
2007 2499 2257 2562 dimisit
2290 2500 2538 2563 inanes,

662 2586 973 2667 Suscepit
1011 2587 1213 2650 Israel
1248 2605 1523 2668 puerum
1557 2606 1751 2649 suum
1786 2586 2168 2650 recordatus
2201 2586 2646 2651 misericordie
2677 2606 2812 2650 sue.

663 2674 852 2738 Sicut
883 2674 1140 2738 locutus
1172 2685 1275 2737 est
1306 2674 1391 2737 ad
1424 2685 1648 2756 patres
1694 2684 1971 2750 nostr05‚
2004 2674 2348 2738 Abraham
2396 2685 2465 2738 et
2516 2674 2752 2738 semini
2807 2675 2948 2736 eius

535 2762 600 2825 in
637 2760 903 2825 secula.⁸

1112 2853 1180 2923 (Ι
1210 2848 1336 2911 Ad
1354 2848 1874 2930 completoriam?
1964 2849 2279 2913 Psalmus
2308 2869 2382 2928 .4.

537 2959 801 3091 CVm
837 2960 1214 3023 inuocarem
1369 2960 1431 3022 in
1467 2981 1584 3042 spe
1616 2961 2019 3028 constituisti
2056 2982 2180 3024 me.

1495 3133 1860 3198 ¹⁰Psalmus
1887 3183 1900 3196 .
1911 3135 2056 3214 30.¹¹

544 3246 680 3376 IN
717 3255 781 3309 te
813 3245 1083 3309 domine
1115 3246 1376 3328 speraui
1526 3246 1860 3309 redemisti
1894 3266 2001 3308 me
2033 3246 2304 3309 domine
2335 3245 2498 3308 deus
2532 3246 2839 3309 veritatis.

629 3417 645 3447 ¹
683 3419 911 3468 Psalmus
939 3418 1003 3468 de
1038 3418 1284 3483 mysteriis
1328 3418 1685 3468 incarnationis
1722 3418 1927 3478 Christi,
1969 3434 2029 3467 ac
2061 3418 2126 3468 de
2160 3419 2267 3469 eius
2299 3419 2602 3468 exaltatione
2638 3427 2688 3468 et
2721 3417 2947 3482 magnifi-

528 3483 723 3543 centia,
751 3492 852 3533 tam
879 3499 941 3532 ex
965 3493 1107 3549 parte
1129 3483 1471 3542 humanitatis,
1496 3499 1648 3548 quarn
1674 3499 1735 3533 ex
1757 3494 1899 3559 parte
1921 3483 2230 3533 diuinitatis:
2266 3485 2380 3533 add.
2408 3483 2487 3533 61.
2514 3493 2609 3533 etc.

640 3551 789 3598 Pater
812 3558 996 3598 noster.
1070 3550 1182 3598 Aue
1204 3548 1375 3598 maria.
1450 3548 1589 3599 Deus
1611 3549 1663 3598 in
1685 3549 2000 3599 adiutorium.
2072 3550 2330 3612 Hymnus.
2360 3549 2658 3613 Antiphona
2676 3564 2694 3596 .·
2724 3549 2839 3598 add.
2866 3547 2945 3612 63.

632 3612 663 3690 2·
691 3615 929 3690 Psalmus·
952 3614 1016 3663 de
1057 3615 1253 3691 magnis
1286 3624 1336 3663 et
1370 3613 1681 3691 mirabilibus
1713 3614 1948 3678 operibus
1979 3614 2186 3674 diuinis»,
2229 3623 2279 3664 et
2315 3614 2624 3665 exhibitione
2660 3613 2850 3664 laudis:
2901 3626 2950 3663 et

529 3688 1122 3794 gmgmlgffimai‘igldzelapi?
1143 3679 1438 3810 eugricijdgiffa
1471 3694 1621 3793 gibeti}
1642 3679 2185 3808 effissgficeifgbopulo
2203 3744 2358 3795 Israel
2375 3743 2427 3794 in
2444 3745 2580 3794 exitu
2596 3743 2662 3794 de
2681 3745 2915 3808 Aegypto
2935 3762 2947 3792 ε

532 3820 586 3860 et
612 3808 912 3859 Christianis
935 3809 985 3858 in
1008 3825 1203 3859 recessu
1225 3809 1435 3875 spiritali
1459 3810 1526 3858 ab
1547 3809 1643 3859 boc
1668 3811 1836 3860 seculo
1859 3761 2129 3858 exbibitis:
2156 3817 2239 3873 pr.
2269 3810 2349 3860 61.
2379 3820 2473 3859 etc.

629 3874 649 3904 ⁴
687 3873 879 3924 Marie:
915 3875 1030 3924 add.
1059 3887 1139 3938 39.
1165 3873 1248 3925 61.
1970 3874 1992 3904 ⁶
2024 3876 2263 3923 Mariae:
2293 3877 2407 3924 add.
2435 3875 2516 3937 63.
2543 3875 2626 3924 66,

625 3937 649 3968 ⁸
684 3939 820 3988 Luce
843 3939 1037 4004 ptimo:
1074 3940 1186 3989 add.
1216 3941 1294 4002 3'9.
1324 3949 1417 3989 etc.
1963 3939 1984 3971 ⁷
2016 3939 2290 3990 exultauit:
2328 3940 2406 4003 38.

538 4070 602 4134 63
631 4002 653 4034 ⁸
687 4004 987 4068 Anttpltona
1008 4013 1055 4053 ct
1081 4006 1275 4065 Oratio,
1300 4015 1350 4055 et
1386 4005 1494 4055 Sub
1521 4013 1663 4055 tuum
1687 4005 1968 4069 praesidium
1993 4013 2050 4053 vt
2071 4007 2130 4054 in
2154 4006 2209 4069 .j.
2238 4007 2488 4054 daminica
2522 4007 2803 4054 aduentus:
2836 4006 2949 4052 add.

631 4131 653 4164 ⁹
690 4135 914 4184 Psalmus
953 4134 1017 4184 de
1056 4135 1280 4184 oratione
1320 4134 1559 4185 Ecclesiae
1595 4136 1676 4184 vel
1709 4136 1972 4185 cuiuslibet
2010 4136 2213 4200 perfecti
2247 4136 2312 4184 ad
2348 4137 2513 4185 Deum
2538 4136 2590 4184 in
2613 4135 2951 4194 tribulatione,

536 4217 596 4251 ac
619 4200 684 4250 de
710 4200 959 4250 fructuosa
980 4209 1029 4249 et
1053 4199 1164 4250 viiii
1190 4216 1383 4250 morum
1409 4201 1760 4250 informatione
1788 4218 1801 4250 :
1837 4202 1950 4250 add.
1978 4200 2059 4250 61.
2088 4210 2181 4250 etc.

640 4267 788 4314 Pater
830 4274 1013 4315 noster.
1100 4266 1211 4315 Aue
1245 4265 1419 4316 maria.
1458 4267 1709 4317 Conuerte
1750 4281 1841 4316 nos
1885 4267 2008 4316 deus
2044 4267 2272 4317 salutaris
2312 4276 2495 4316 noster.
2570 4268 2633 4325 R.
2679 4266 2743 4314 Et
2781 4277 2951 4315 auerte

543 4331 668 4407 itan}
706 4340 840 4445 tuxm
864 4346 895 4380 a
934 4329 1094 4444 nebris.
1123 4396 1135 4407 ·
1163 4319 1418 4447 &Deug
1448 4331 1500 4444 iln
1532 4330 1890 4445 “dimoffl’fi
1925 4332 2183 4394 Hymnus.
2257 4332 2332 4381 Te
2367 4332 2489 4382 lucis
2627 4347 2742 4381 cum
2776 4339 2952 4380 sancto

540 4405 935 4511 splzi'mPsatlnu‘iiis
968 4461 1032 4510 de
1053 4403 1360 4511 'fitssssratighe
1394 4412 1778 4512 aagzlleiotzdine
1811 4433 1862 4512 et
1891 4408 2238 4526 :magnitudine
2275 4462 2650 4511 tribulationum
2674 4460 2845 4511 christi
2870 4462 2949 4510 vel

532 4526 778 4577 fidelium:
815 4541 874 4576 ac
898 4527 1238 4578 consolatione
1261 4538 1308 4577 et
1334 4527 1636 4577 exaltatione
1660 4543 1830 4576 eorum
1853 4545 1866 4576 ι
1895 4537 1979 4591 pr.
2009 4526 2088 4576 61.
2117 4537 2212 4576 etc.
2577 4524 2614 4556 ¹¹
2648 4527 2751 4587 [vv.
2782 4525 2954 4586 2—6.]
