3293 5225
768 454 811 503 C
814 454 991 502 OMM
993 453 1151 504 UNE
1186 454 1272 503 PL
1284 453 1707 504 URJMORUM
1735 453 1902 502 MAR
1913 454 1962 502 T
1966 453 2191 504 YRUM.
2591 464 2688 516 379

271 617 631 688 nequeunt.
743 607 831 669 Et
886 608 939 669 si
990 626 1212 669 coram
1264 606 1644 669 hominibus
1698 618 2034 670 tormenta
2084 609 2257 689 passi
2310 617 2481 682 sunt,
2533 627 2685 688 spes

272 693 533 757 illorum
593 693 1091 757 immortalitate
1148 693 1342 776 plena
1394 704 1512 757 est.
1630 694 1707 756 In
1765 696 1992 776 paucis
2043 695 2285 770 vexati,
2340 694 2405 756 in
2459 693 2686 756 multis

273 782 441 843 bene
494 780 946 863 disponentur,
1005 782 1322 863 quoniam
1372 781 1538 843 deus
1590 782 1878 844 tentauit
1939 801 2068 856 e05‚
2118 789 2186 843 et
2238 781 2490 843 inuenit
2540 779 2685 843 illos

270 869 513 949 dignos
545 888 631 931 se.
721 868 1078 950 Tanquam
1127 888 1359 930 aurum
1394 869 1459 929 in
1511 868 1779 931 fornace
1828 868 2134 951 probauit
2182 868 2344 943 illos,
2376 879 2446 930 et
2491 869 2680 950 quasi

265 955 654 1018 holocausta
687 955 901 1018 hostie
931 955 1185 1037 accepit
1217 955 1379 1018 illos,

517 1123 586 1193 ΙΙ
613 1117 675 1179 Α
686 1116 780 1178 lia
809 1117 922 1198 ‚iifl
955 1116 1146 1180 lectio,
1240 1116 1469 1179 Sermo
1498 1117 1712 1179 sancti
1739 1117 1798 1178 A
1810 1118 2111 1198 agustini
2134 1117 2415 1199 episcopi.

420 1227 926 1309 Votiescunque
1047 1227 1277 1290 fratres
1382 1226 1748 1289 charissimi
1840 1238 2218 1290 sanctorum
2313 1238 2679 1308 martyrum

449 1314 746 1377 solennia
777 1314 1204 1389 celebramuS,
1237 1315 1327 1377 ita
1362 1314 1520 1396 ipsis
1553 1314 2115 1377 intercedentibus
2159 1326 2597 1397 expectamus
2643 1335 2682 1376 a

265 1400 548 1463 domino
579 1403 893 1483 consequi
926 1401 1318 1482 temporalia
1351 1400 1687 1476 beneficia,
1712 1412 1781 1463 vt
1814 1403 1993 1483 ipsos
2015 1402 2685 1483 martyresimitando

263 1489 566 1570 accipere
618 1508 988 1551 mereamur
1030 1498 1272 1551 eterna.
1366 1487 1479 1550 Ab
1525 1489 1619 1550 eis
1664 1490 1839 1551 enim
1889 1500 2267 1552 sanctorum
2317 1499 2685 1570 martyrum

271 1575 336 1636 in
392 1577 668 1637 veritate
723 1575 958 1638 sestiua
1019 1576 1265 1657 gaudia
1327 1575 1743 1638 celebrantur
1789 1577 1902 1657 qui
1959 1577 2251 1658 ipsorum
2316 1585 2682 1657 martyrum

267 1663 586 1743 exempla
623 1673 992 1744 sequuntur
1040 1663 1493 1725 solennitates
1538 1664 1715 1725 enim
1768 1673 2133 1744 martyrum
2182 1662 2685 1726 exhortationes

276 1750 739 1829 martyriorum
775 1760 965 1812 sunt:
999 1760 1069 1812 vt
1103 1750 1343 1812 imitari
1379 1770 1510 1811 non
1536 1751 1778 1832 pigeat,
1811 1751 1990 1832 quod
2023 1751 2355 1813 celebrare
2375 1749 2682 1813 delectat.

275 1836 409 1899 Sed
458 1856 578 1897 nos
623 1836 930 1899 volumus
976 1838 1266 1918 gaudere
1312 1856 1463 1899 cum
1510 1838 1778 1913 sanctiS,
1824 1847 1889 1899 et
1938 1836 2395 1900 tribulationes
2450 1837 2681 1899 mundi

271 1923 582 1985 nolumus
641 1924 962 1985 sustinere
1008 1943 1158 1986 cum
1208 1922 1351 1986 illis.
1473 1923 1606 2005 Qui
1655 1926 1832 1986 enim
1880 1937 2145 1988 sanctos
2193 1934 2534 2005 rnartyreS,
2576 1924 2682 1987 vel

271 2011 664 2090 inquantum
702 2013 989 2092 potuerit
1025 2010 1307 2073 noluerit
1354 2010 1615 2084 imitari,
1648 2012 1732 2073 ad
1766 2032 1994 2074 eorum
2033 2013 2513 2075 beatitudinem
2549 2031 2680 2074 non

273 2099 516 2178 poterit
564 2100 909 2179 peruenire
957 2098 1066 2161 Sic
1121 2109 1187 2159 et
1233 2097 1576 2179 apostolus
1626 2099 1868 2161 Paulus
1924 2099 2220 2179 predicat
2265 2100 2536 2162 dicens:
2610 2098 2679 2161 Si

272 2183 585 2246 fuerimus
616 2185 773 2265 socij
811 2186 1194 2267 passionum
1226 2187 1471 2247 erimus
1503 2196 1571 2247 et
1617 2186 2163 2249 consolationum.
2256 2185 2347 2248 Et
2371 2186 2684 2249 dominus

271 2272 336 2332 in
371 2272 760 2354 euangelio:
809 2272 881 2336 Si
921 2272 1210 2334 mundus
1242 2292 1361 2334 vos
1392 2271 1553 2348 odit,
1584 2273 1822 2335 scitote
1852 2273 2008 2354 quia
2042 2293 2148 2334 me
2182 2273 2462 2354 priorem
2496 2272 2685 2335 vobis

265 2358 427 2420 odio
488 2359 736 2422 habuit.
852 2360 1145 2421 Recusat
1190 2380 1334 2421 esse
1389 2360 1453 2421 in
1516 2379 1836 2441 corpore:
1899 2360 2011 2441 qui
2065 2361 2294 2422 odium
2357 2380 2490 2421 non
2541 2359 2682 2422 vult

266 2445 593 2508 sustinere
623 2465 774 2507 cum
807 2445 1041 2527 capite.
1136 2446 1268 2509 Sed
1317 2447 1479 2509 dicit
1511 2445 1790 2527 aliquis:
1841 2447 1930 2509 Et
1975 2448 2124 2527 quis
2168 2456 2269 2509 est
2313 2447 2426 2528 qui
2475 2448 2684 2528 possit

272 2531 617 2594 beatorum
643 2541 1007 2612 martyrum
1028 2534 1310 2615 vestigia
1330 2535 1565 2616 sequi?
1644 2533 1824 2595 Huic
1849 2531 1999 2615 egol
2027 2534 2411 2616 respondeo,
2504 2533 2682 2617 Quia

272 2638 404 2680 non
439 2618 652 2681 solum
687 2630 1030 2700 martyreS,
1062 2623 1176 2683 sed
1212 2632 1277 2685 et
1310 2623 1526 2704 ipsum
1554 2623 1904 2684 dominum
1937 2640 2087 2683 cum
2118 2622 2320 2703 ipsius
2353 2622 2684 2684 adiutorio

269 2706 322 2766 si
356 2708 662 2768 volumus
695 2727 1047 2788 possumus
1080 2709 1339 2771 imitari.

1244 2863 1313 2933 ΙΙ
1345 2856 1467 2919 Ad
1488 2856 1726 2920 laudes.

399 2967 794 3048 Antiphona.
892 2968 1174 3030 Istorum
1208 2980 1310 3031 est
1338 2970 1516 3031 enim
1553 2988 1828 3050 regnum
1862 2968 2172 3043 celorum,
2195 2968 2306 3049 qui
2340 2977 2685 3049 contemp-

267 3065 492 3117 serunt
523 3057 727 3117 vitam
764 3057 1013 3131 mundi,
1044 3065 1110 3117 et
1144 3065 1585 3137 peruenerunt
1631 3055 1717 3116 ad
1752 3056 2003 3137 premia
2036 3056 2238 3135 regni,
2268 3065 2335 3117 et
2384 3055 2685 3117 lauerunt

268 3141 472 3203 stolas
504 3162 655 3204 suas
689 3144 752 3204 in
787 3144 1110 3225 sanguine
1142 3145 1315 3224 agni.

1355 3277 1597 3341 Oratio.

424 3390 580 3465 Eu5‚
611 3391 722 3471 qui
757 3411 878 3452 nos
909 3410 1130 3451 annua
1178 3400 1556 3452 sanctorum
1607 3399 1973 3469 martyrum
2032 3399 2293 3452 tuorum
2343 3389 2429 3451 N.
2479 3400 2546 3451 et
2594 3390 2682 3452 N.

449 3478 845 3539 solennitate
879 3476 1170 3552 letificaS,
1194 3476 1484 3539 concede
1519 3478 1859 3558 propitiuS‚
1893 3488 1963 3538 vt
1995 3497 2274 3557 quorum
2308 3477 2679 3558 gaudemus

271 3566 518 3625 meritis
549 3564 991 3626 accendamur
1021 3564 1351 3645 exemplis
1377 3587 1408 3627 ε.
1438 3584 1569 3645 per.

771 3728 825 3790 S
829 3728 860 3789 i
866 3728 1134 3808 suerint
1165 3737 1484 3806 martyres
1498 3726 1848 3808 pontifices.
1945 3726 2186 3790 Oratio.

286 3842 720 3970 BEatorum
801 3850 1165 3921 martyrum
1233 3841 1606 3922 pariterque
1671 3837 2079 3921 pontificum,
2145 3840 2223 3902 N.
2286 3851 2352 3902 et
2418 3842 2499 3905 N.
2563 3862 2685 3903 nos

424 3949 783 4010 quesumus
814 3927 1084 3990 domine
1117 3927 1283 3989 festa
1317 3936 1640 4002 tueantur,
1672 3937 1739 3988 et
1771 3947 1997 3989 eorum
2025 3927 2450 3990 commendet
2475 3930 2686 3991 oratio

267 4015 663 4091 veneranda,
698 4036 826 4097 per.

1051 4154 1110 4215 A
1121 4154 1173 4216 d
1196 4165 1502 4235 vesperas.
1592 4153 1918 4235 Hymnus.

281 4268 526 4397 REx
561 4267 842 4348 gloriose
890 4276 1254 4347 martyrum
1305 4266 1568 4329 Corona
1614 4265 2091 4342 confitentium,
2125 4266 2258 4348 Qui
2304 4279 2687 4349 respuentes

444 4353 742 4417 terrena.2
839 4352 1144 4416 Perducis
1175 4353 1259 4415 ad
1293 4353 1577 4416 celestia.

559 4512 574 4543 ¹
611 4529 761 4578 ergo:
799 4526 876 4576 39.
907 4526 985 4576 43.
1017 4527 1095 4574 44.
1763 4510 1786 4541 ²
1820 4522 2013 4562 terrea:
2052 4525 2128 4576 39.
2162 4526 2239 4573 41.
2271 4526 2348 4575 49.
