3293 5225
530 450 636 500 268
1060 453 1114 503 S.
1153 451 1433 503 LUCIUS
1463 452 1692 500 PAPA:
1725 452 1779 500 S.
1826 451 2135 501 THOMAS
2164 448 2421 512 AQUJN.
2653 449 2864 511 [MART.
2907 459 2953 510 7.

528 605 922 689 spectaculo
983 625 1134 668 cum
1198 604 1365 667 forte
1429 604 1735 668 Asterius
1811 605 2170 680 interesset,
2247 614 2316 667 et
2390 623 2624 666 ornnes
2699 602 2956 666 videret

531 693 864 756 attonitos
925 693 1144 775 specie
1208 691 1523 768 miraculi,
1586 692 1925 774 publicum
1986 711 2273 755 errorem
2339 691 2703 765 miseratuS,
2749 691 2952 752 deum

543 780 703 842 fusis
767 779 1122 860 lachrymis
1196 780 1543 843 exorauit:
1605 790 1676 842 vt
1738 780 2087 861 prestigias
2165 778 2532 841 diabolicas
2592 780 2951 858 detegeret.

546 866 784 947 Itaque
831 867 1130 949 protinus
1160 866 1430 928 victima
1477 864 1751 929 flumine
1796 865 2031 928 deferri
2078 867 2334 928 cunctis
2379 864 2751 928 astantibus
2796 883 2953 925 con-

529 966 769 1036 specta
814 964 932 1030 est,
976 974 1055 1015 ac
1102 962 1359 1016 mentes
1420 954 1713 1036 ipsorum
1762 972 1977 1016 errore
2024 953 2393 1036 pernicioso
2439 952 2726 1014 liberate.
2822 950 2956 1012 Hic

536 1060 692 1103 curn
729 1042 791 1102 in
826 1041 985 1104 vrbe
1016 1039 1298 1105 Cesarea
1333 1040 1663 1102 Palestine
1697 1041 2014 1120 martyrio
2060 1039 2461 1104 interfuisset
2493 1039 2668 1102 beati
2720 1037 2956 1100 Militis

547 1127 806 1203 Marini,
826 1148 1197 1211 corpusque
1223 1126 1396 1189 illius
1421 1128 1710 1190 humeris
1730 1127 1815 1189 ad
1842 1127 2250 1210 sepulturam
2277 1126 2554 1201 efferret,
2578 1126 2954 1189 abstractus

537 1215 627 1277 ab
660 1214 909 1278 infideli
957 1215 1206 1298 populo
1253 1215 1317 1277 in
1365 1213 1496 1277 fide
1540 1224 1855 1277 constans
1902 1214 2190 1296 glorioso
2238 1214 2555 1294 martyrio
2600 1223 2957 1275 coronatur

528 1303 776 1383 quinto
808 1322 1019 1365 nonas
1055 1300 1286 1381 Martij‘
1317 1300 1677 1364 Valeriano
1708 1312 1776 1365 et
1807 1300 2115 1365 Gallieno
2147 1299 2668 1384 imperatoribus,

1091 1470 1158 1540 (I
1204 1465 1448 1528 Lucius
1462 1476 1645 1547 papa
1678 1462 1975 1545 martyr}
2063 1462 2277 1527 Lectio
2308 1464 2405 1545 izj.

555 1577 880 1705 LVcius
905 1578 1118 1660 patria
1143 1578 1489 1641 Romanus
1515 1576 1730 1653 Gallo,
1749 1577 2139 1653 Volusian0,
2160 1576 2484 1653 Gallien0,
2507 1587 2575 1640 et
2593 1574 2959 1638 Valeriano

722 1665 1242 1747 Imperatoribus
1306 1665 1766 1748 pontificatum
1844 1665 2065 1746 gessit.
2161 1664 2464 1746 Quorum
2540 1662 2955 1744 temporibus

543 1762 732 1814 tanta
767 1753 830 1813 in
865 1751 1257 1815 christianos
1290 1752 1525 1814 seuitia
1550 1763 1788 1814 exorta
1807 1761 1925 1827 est,
1973 1761 2046 1813 vt
2098 1770 2307 1834 pauce
2352 1751 2643 1833 ipsorum
2694 1749 2955 1825 domuS,

544 1838 791 1900 nedum
825 1839 1128 1901 ciuitates
1160 1848 1276 1902 aut
1309 1840 1646 1922 prouincie
1701 1839 1942 1901 suerint
1990 1839 2131 1901 eius
2184 1838 2582 1901 calamitatis
2623 1846 2954 1918 expertes,

550 1925 681 1987 Hic
716 1926 915 2007 igitur
963 1926 1250 1988 Romam
1309 1936 1572 1988 mortuo
1621 1925 2012 2001 Volusiano,
2060 1947 2100 1988 a
2149 1945 2283 2008 quo
2337 1925 2667 2006 relegatus
2722 1922 2955 1998 fuerat,

544 2032 843 2074 reuersus
871 2035 885 2075 ε
931 2014 1292 2088 constituit,
1325 2024 1395 2076 vt
1427 2013 1562 2075 bini
1599 2013 1963 2095 presbyteri
1985 2034 2062 2075 ac
2083 2013 2252 2075 terni
2274 2012 2536 2074 diaconi
2561 2012 2950 2093 episcopum

544 2099 789 2179 vbique
850 2100 1360 2163 comitarentur:
1430 2110 1633 2163 testes
1693 2100 2004 2162 videlicet
2064 2101 2204 2162 eius
2265 2100 2417 2175 vite,
2477 2100 2954 2179 actionumque

545 2186 745 2249 futuri
841 2186 1397 2250 Ordinationibus
1488 2188 1690 2249 sacris
1780 2197 1879 2249 ter
1955 2207 2182 2249 mense
2259 2186 2615 2249 Decembri
2693 2185 2958 2261 habitis,

545 2359 905 2423 Valeriano
929 2361 1247 2423 acerrimo
1272 2361 1607 2423 christiani
1641 2360 1928 2423 nominis
1960 2361 2170 2438 hoste,
2203 2359 2590 2441 martyrium
2619 2379 2869 2442 passuS,
2888 2358 2953 2419 in

529 2448 899 2509 <emeterio
924 2447 1156 2511 Calisti
1175 2448 1474 2530 sepultus
1497 2457 1599 2511 est
1621 2448 1746 2529 .iiij.
1770 2468 1980 2510 nonas
2008 2447 2252 2528 Martij‚
2275 2467 2425 2510 cum
2446 2447 2728 2509 sedisset
2745 2464 2960 2509 annos

543 2544 693 2611 treS,
728 2554 989 2597 menses
1020 2534 1123 2617 .iij.
1215 2535 1348 2619 Qui
1405 2535 1803 2598 Valerianus
1851 2536 2119 2597 meritas
2172 2554 2289 2596 sue
2340 2534 2701 2617 impietatis
2750 2552 2958 2616 penas

539 2643 707 2685 mox
743 2622 943 2699 dedit,
975 2641 1130 2686 narn
1181 2623 1534 2705 paulopost
1589 2622 2040 2686 Christianum
2093 2642 2335 2685 nomen
2387 2622 2474 2685 ab
2526 2622 2672 2703 ipso
2726 2620 2956 2683 vexari

535 2720 830 2791 ceptum,
863 2710 927 2773 in
980 2709 1155 2773 bello
1211 2711 1463 2792 persico
1511 2712 1726 2773 victus
1778 2720 1880 2772 est
1928 2712 2251 2790 viuusque
2303 2710 2486 2771 venit
2539 2711 2604 2770 in
2661 2708 2955 2770 hostium

543 2808 966 2878 potestatem.
1016 2797 1223 2879 Apud
1256 2817 1424 2878 quos
1457 2807 1595 2860 tam
1632 2797 2091 2860 miserabiliter
2122 2798 2188 2858 in
2222 2797 2607 2878 turpissima
2639 2796 2958 2857 seruitute

535 2883 753 2947 vixit:
800 2895 872 2947 vt
903 2885 1164 2965 quoties
1201 2885 1483 2947 Pacorus
1517 2904 1854 2966 persarum
1892 2904 2010 2946 rex
2041 2902 2289 2966 equum
2322 2886 2727 2957 ascenderet,
2774 2881 2959 2944 velut

535 2970 836 3034 scabello
868 2972 1066 3033 dorso
1098 2971 1239 3033 eius
1271 2981 1578 3035 vteretur.

1125 3138 1192 3208 (I
1249 3132 1533 3195 Thomas
1563 3131 1932 3213 consessor.2
2020 3133 2234 3195 Lectio
2266 3132 2378 3214 ‚2'3'72

690 3244 950 3306 Homas
983 3246 1081 3307 vir
1112 3244 1432 3320 doctrina,
1463 3256 1528 3307 et
1579 3246 1934 3306 sanctitate
1987 3243 2202 3306 clarus
2255 3244 2508 3325 Aquini
2560 3257 2757 3306 natus
2812 3243 2962 3305 loco

730 3332 964 3394 illustri
1041 3353 1128 3394 ex
1204 3334 1524 3395 comitum
1606 3331 1858 3394 familia
1936 3333 2149 3413 patria
2211 3342 2473 3394 vastata
2532 3352 2572 3393 a
2647 3330 2963 3394 Conrado

539 3419 964 3500 imperatore,
997 3418 1260 3481 relictus
1290 3429 1390 3480 est
1423 3439 1462 3480 a
1496 3419 1792 3501 profugis
1814 3419 2197 3501 parentibus
2221 3420 2287 3480 in
2313 3418 2593 3480 cenobio
2614 3416 2962 3481 Casinensi

538 3506 891 3567 ,monachis
952 3506 1479 3568 commendatus.
1570 3506 1705 3568 Vbi
1778 3506 2187 3586 aliquamdiu
2262 3505 2466 3568 literis
2532 3504 2804 3575 studuit,
2884 3524 2961 3565 ac

547 3592 848 3674 religioni
885 3593 1148 3654 Deinde
1182 3593 1545 3655 monachus
1578 3592 2063 3674 predicatorum
2097 3593 2346 3654 ordinis
2396 3593 2626 3667 factuS,
2676 3590 2962 3653 Alberto

546 3699 796 3761 magno
831 3680 1197 3761 preceptori
1232 3699 1504 3761 operam
1539 3679 1726 3742 dedit
1760 3681 1825 3742 in
1861 3689 2196 3741 conuentu
2231 3678 2630 3743 Coloniensi.
2724 3678 2965 3758 quue

551 3767 870 3848 processit
932 3766 1324 3829 eruditionis
1387 3766 1719 3829 indefessa
1780 3787 1954 3843 cura,
2012 3777 2080 3830 et
2156 3766 2398 3847 ingenij
2482 3766 2964 3847 magnitudine,

538 3863 621 3916 ‘vt
684 3853 874 3915 facile
922 3854 1365 3935 principatum
1414 3854 1774 3917 obtinuerit
1819 3854 1885 3916 in
1933 3855 2288 3935 gymnasio
2339 3850 2735 3916 Parisiensi.3
2827 3852 2962 3914 Vbi

551 3939 1061 4022 philosophiam,
1123 3941 1668 4022 theologiamque
1717 3941 1962 4015 docuit,
2015 3961 2167 4002 cum
2221 3942 2521 4003 maxima
2574 3960 2694 4002 sua
2748 3938 2965 4002 laude.

553 4027 686 4090 Tot
732 4027 932 4090 libros
979 4026 1063 4089 de
1109 4027 1532 4109 philosophia
1565 4049 1640 4090 ac
1675 4028 2011 4109 theologia
2042 4027 2426 4090 doctissime
2457 4027 2862 4108 conscripsit,
2896 4036 2969 4088 vt

543 4113 826 4195 *longum
881 4115 966 4176 sit
1014 4134 1417 4190 enumerare,
1463 4134 1747 4195 quorum
1796 4134 2129 4177 summam
2178 4114 2624 4197 theologicam
2673 4124 2965 4195 quatuor

541 4201 747 4278 libris,
822 4201 1119 4264 adhibita
1193 4201 1396 4263 etiam
1472 4203 1764 4282 quadam
1842 4202 2016 4276 lima,
2092 4221 2300 4264 senex
2378 4199 2772 4282 complexus
2842 4210 2964 4264 est.

551 4288 847 4351 Romam
909 4309 1067 4351 vero
1115 4289 1470 4351 accersitus
1518 4290 1605 4351 ab
1653 4288 1930 4351 Vrbano
1979 4309 2153 4371 papa
2200 4289 2437 4371 spretis
2483 4287 2970 4368 dignitatibus:

648 4438 665 4472 ¹
702 4441 799 4490 Die
822 4455 867 4501 4.
899 4442 957 4489 in
981 4457 1047 4492 m.
1854 4438 1878 4471 ²
1909 4441 1991 4491 die
2015 4452 2060 4503 7.
2090 4442 2147 4489 in
2172 4458 2241 4494 m.

639 4504 668 4535 *³
705 4506 956 4555 pariensi:
995 4505 1071 4568 38.
1147 4506 1530 4557 Parisiensium:
1569 4519 1646 4569 39.
