3293 5225
599 368 697 433 376
1264 372 1307 420 C
1309 371 1489 420 OMM
1490 371 1646 422 UNE
1688 370 1921 422 UNIUS
1950 371 2118 420 MAR
2128 370 2361 419 TYRIS.

1621 574 1747 638 Ad
1766 575 2006 639 laudes,

736 698 1129 782 Antt’plzona.
1207 700 1353 764 Vos
1412 702 1524 782 qui
1587 700 1942 782 reliquistis
2000 701 2244 777 omnia,
2303 710 2371 762 et
2432 701 2655 764 secuti
2721 702 2900 764 estis
2948 720 3065 773 me,

606 787 992 869 centuplum
1025 788 1402 871 accipietis:
1447 796 1516 850 et
1545 789 1753 850 vitam
1785 797 2083 850 eternam
2120 787 2560 869 possidebitis,

1583 975 1645 1037 A
1656 974 1710 1036 d
1730 985 2034 1056 vesperas.

733 1087 1127 1170 Antiphona.
1205 1086 1505 1150 Tradent
1548 1088 1726 1150 enim
1773 1108 1891 1150 vos
1938 1088 2002 1150 in
2052 1086 2384 1167 consilijs,¹
2433 1097 2503 1150 et
2551 1088 2620 1150 in
2674 1086 3067 1168 synagogis

606 1175 740 1238 suis
770 1174 1203 1258 flagellabunt
1233 1194 1352 1236 vos
1382 1184 1451 1237 et
1496 1184 1653 1237 ante
1701 1193 1904 1256 regeS,
1948 1184 2016 1237 et
2063 1173 2356 1256 presides
2388 1173 2750 1237 ducemini
2792 1185 3069 1257 propter

605 1283 712 1325 me
744 1264 808 1325 in
844 1262 1296 1325 testimonium
1331 1259 1529 1324 illius2
1552 1270 1619 1325 et
1650 1261 1977 1343 gentibus,

1282 1429 1348 1498 (I
1398 1420 1750 1487 Commune
1778 1424 1974 1486 vnz'us
2004 1423 2332 1505 martyris,

1236 1546 1361 1609 Ad
1383 1547 1801 1612 matutinum.
1887 1545 2378 1611 Inuitatorium.

737 1673 992 1754 Regem
1029 1681 1392 1754 martyrum
1427 1671 1775 1734 dominum
1811 1671 2032 1735 venite
2063 1671 2434 1735 adoremus,

1640 1833 1967 1916 Hymnus,

611 1959 987 2087 MArtyr
1063 1957 1209 2034 Dei,
1284 1959 1396 2040 qui
1459 1959 1726 2021 vnicum
1809 1958 2020 2021 Patris
2098 1957 2438 2039 sequendo
2517 1958 2737 2022 filium
2833 1959 3058 2022 Victis

820 2046 1188 2128 triumphas
1219 2045 1536 2122 hostibuS,
1567 2045 1802 2107 Victor
1832 2045 2053 2108 fruens
2083 2044 2449 2108 celestibus,

733 2133 862 2195 Tui
926 2143 1229 2215 precatus
1277 2139 1562 2195 'munere
1617 2132 1934 2195 Nostrum
1988 2142 2242 2195 reatum
2295 2132 2495 2209 dilue,
2546 2132 2834 2196 Arcens
2896 2131 3054 2196 mali

601 2221 1006 2302 contagium,
1039 2219 1197 2282 Vite
1230 2239 1579 2282 remouens
1610 2219 1881 2282 tedium.

745 2306 979 2370 Soluta
1011 2317 1167 2369 sunt
1199 2307 1329 2368 iam
1363 2306 1627 2369 vincula
1661 2308 1755 2369 tui
1791 2306 2028 2369 sacrati
2060 2307 2371 2388 corpori5‚
2404 2305 2552 2368 Nos
2578 2306 2775 2370 solue
2814 2307 3057 2371 vinclis

601 2393 802 2457 seculi
835 2394 1088 2457 Amore
1121 2392 1233 2475 filij
1269 2393 1391 2456 dei.

737 2480 887 2545 Deo
919 2481 1088 2564 patri
1121 2482 1205 2543 sit
1236 2479 1462 2560 gloria,
1493 2477 1624 2543 etc.⁸

736 2568 796 2631 A
808 2567 1130 2650 ntzpkona.
1233 2566 1365 2651 Qui
1445 2588 1552 2631 me
1628 2567 1970 2631 consessus
2048 2565 2242 2630 suerit
2316 2587 2539 2630 coram
2623 2567 3054 2644 hominibuS,

604 2655 970 2719 confitebor
999 2666 1066 2718 et
1096 2676 1224 2738 ego
1254 2676 1406 2718 eum
1441 2675 1664 2718 coram
1699 2664 1886 2737 patre
1920 2676 2085 2717 meo,

1153 2798 1219 2867 (Ι
1291 2791 1513 2853 Tertia
1543 2792 1720 2854 lectio
1749 2812 1955 2854 sermo
1983 2812 2031 2854 s,
2065 2792 2126 2854 A
2137 2791 2477 2872 agustini}

608 2915 1165 3046 TRiumphalis
1196 2916 1372 2978 beati
1416 2917 1741 2997 martyriS‚
1777 2916 1857 2979 N.
1905 2915 2047 2979 dies
2093 2916 2290 2978 hodie
2338 2915 2530 2979 n‘obis
2574 2918 3047 2982 anniuersaria

786 3003 1165 3067 celebritate
1240 3004 1526 3080 recurrit,
1600 3004 1787 3065 cuius
1860 3001 2322 3084 glorificationi
2397 3004 2566 3065 sicut
2646 3004 3048 3087 congaudet

605 3091 900 3167 ecclesia,
963 3092 1054 3152 sic
1116 3091 1257 3152 eius
1320 3091 1631 3172 proponit
1692 3089 2032 3171 sequenda
2091 3091 2388 3172 vestigia.
2481 3088 2554 3154 Si
2616 3093 2806 3154 enim
2864 3113 3041 3155 corn-

607 3180 912 3260 patimur‚
943 3187 1009 3240 et
1040 3174 1700 3257 conglorificabimur.
1796 3177 1872 3239 In
1905 3178 2091 3240 cuius
2120 3176 2407 3258 glorioso
2430 3197 2648 3259 agone
2672 3178 2820 3240 duo
2850 3179 3044 3242 nobis

608 3266 917 3347 precipue
949 3263 1456 3344 consyderanda
1489 3274 1660 3339 sunt,
1697 3263 2001 3327 indurata
2035 3264 2341 3327 videlicet
2375 3265 2639 3326 tortoris
2670 3268 2946 3339 seuitia,
2976 3276 3043 3328 et

608 3353 916 3432 martyris
971 3352 1217 3413 inuicta
1280 3352 1599 3432 patientia
1650 3350 1904 3413 Seuitia
1950 3352 2231 3427 tortoriS‚
2285 3361 2357 3413 vt
2410 3372 2559 3413 eam
2613 3351 3037 3417 detestemur

612 3439 940 3501 Patientia
974 3438 1298 3518 martyri5‚
1329 3447 1400 3500 vt
1432 3458 1580 3501 eam
1638 3439 1974 3500 imitemur
2024 3437 2358 3501 Coronata
2413 3439 2636 3518 itaque
2688 3448 2792 3501 est
2861 3439 3035 3503 beati

608 3526 914 3606 martyris
978 3525 1315 3606 patientia,
1377 3523 1764 3607 mancipita⁵
1817 3534 1918 3587 est
1992 3526 2235 3587 eternis
2299 3525 2696 3587 cruciatibus
2759 3528 3035 3590 tortoris

607 3612 971 3676 incorrecta
1004 3611 1272 3674 malitia.
1368 3611 1519 3674 Hoc
1551 3611 1905 3674 attendens
1936 3613 2000 3674 in
2035 3633 2252 3693 agone
2285 3633 2404 3674 suo
2434 3610 2760 3693 gloriosus
2781 3613 3033 3677 Christi

602 3699 854 3763 athleta
905 3699 984 3761 N.
1035 3719 1174 3761 non
1223 3698 1568 3761 exhorruit
1614 3719 1961 3775 carcerem,
2009 3698 2095 3761 ad
2150 3700 2589 3762 imitationem
2644 3701 2898 3781 capitis
2939 3701 3032 3763 sui

607 3786 917 3849 tolerauit
949 3784 1204 3868 probra,
1236 3783 1571 3848 sustinuit⁶
1604 3786 1949 3861 irrisiones»,
1973 3785 2235 3867 flagella
2268 3806 2400 3849 non
2435 3786 2697 3848 timuit:
2743 3798 2811 3850 et
2874 3798 3032 3870 quot

605 3884 762 3937 ante
817 3882 1097 3935 mortem
1152 3893 1269 3954 pro
1324 3872 1568 3935 christo
1623 3872 1891 3954 pertulit
1945 3872 2268 3955 supplicia
2322 3882 2422 3935 tot
2470 3873 2529 3935 ei
2563 3872 2648 3935 de
2679 3894 2751 3936 se
2783 3875 3029 3939 obtulit

603 3959 936 4024 sacrificia.
1087 3958 1287 4042 Quod
1382 3960 1559 4021 enim
1654 3961 2048 4041 propinante
2136 3960 2442 4042 apostolo
2530 3959 2808 4037 biberat,
2906 3963 3029 4026 alte

606 4047 971 4111 retinebat:
1003 4048 1159 4127 quia
1192 4067 1324 4108 non
1358 4055 1513 4108 sunt
1544 4045 1877 4127 condigne
1928 4047 2268 4129 passiones
2322 4047 2515 4109 huius
2565 4051 2897 4130 temporis
2944 4048 3024 4112 ad

606 4134 894 4198 futuram
929 4132 1207 4214 gloriam
1242 4153 1371 4213 que
1404 4132 1803 4196 reuelabitur
1836 4135 1898 4196 in
1935 4134 2143 4197 nobis,

714 4318 731 4351 ¹
767 4318 1023 4383 concilijs:
1061 4332 1137 4382 39.
1168 4332 1247 4380 41.
1278 4332 1356 4381 43.
1388 4334 1466 4380 44.
1497 4318 1575 4368 60.
1606 4318 1684 4368 61.
1716 4319 1793 4382 63.
1825 4318 1904 4380 64.
2304 4318 2326 4349 ‘-'
2359 4320 2489 4369 illis:
2526 4318 2604 4383 38.
2635 4330 2731 4370 etc.

707 4385 728 4417 ³
761 4393 816 4435 vt
836 4392 992 4448 supra
1014 4386 1072 4433 de
1093 4386 1355 4449 apostolis:
1389 4398 1466 4448 39.
1496 4398 1575 4446 41.
1605 4384 1676 4449 [p.
1708 4395 1766 4448 37
1775 4385 1839 4448 5].
2303 4385 2323 4414 ⁴
2355 4386 2593 4449 episcopi:
2624 4387 2738 4435 add.
2769 4386 2855 4450 38.

703 4450 724 4483 ⁸
756 4450 1074 4514 mancipata:
1110 4449 1189 4509 38.
1219 4461 1312 4499 etc.
2297 4448 2319 4479 ⁶
2352 4450 2578 4500 sustulit:
2615 4464 2696 4515 43.

2456 4796 3200 5142 j

637 5126 700 5141 ..-
2416 5122 2477 5141 4*
