3293 5225
671 400 701 452 3
706 389 770 452 5⁸
1411 390 1466 439 s,
1507 390 1877 441 ANDREAS
1904 391 2236 442 APOSTOL
2246 390 2349 443 ω’.
2797 387 2922 450 [um.
2943 399 2991 451 30.

1252 590 1319 660 (Ι
1348 584 1659 648 Andreas
1685 586 2008 666 apostolus
2034 585 2272 669 duplex
2296 585 2534 651 maius.

800 693 930 757 Ad
949 707 1244 778 vesperas
1270 695 1552 777 hymnus
1579 698 1659 760 de
1685 698 2015 762 communi
2035 698 2480 781 apostolorum.

801 807 1200 889 Anttpltona.
1290 807 1486 872 Vnus
1530 830 1619 873 ex
1667 809 1930 873 duobus
1969 811 2084 892 qui
2115 810 2325 874 secuti
2356 819 2516 874 sunt
2561 809 3013 884 dominum,erat

670 893 979 958 Andreas
1010 894 1209 959 frater
1240 895 1535 961 Simonis
1566 897 1743 960 Petri
1777 896 2101 962 halleluia.

1759 1032 2003 1098 Oratio,

686 1143 836 1274 M
854 1144 1228 1208 Aiestatem
1253 1154 1438 1208 tuam
1464 1145 1737 1209 domine
1760 1142 2195 1229 supplicitter¹
2217 1166 2586 1210 exoramus
2608 1155 2685 1209 vt
2707 1145 2863 1207 sicut
2879 1140 3026 1206 eccle

881 1232 975 1294 sie
1024 1241 1136 1295 tue
1165 1231 1400 1296 beatus
1423 1232 1734 1295 Andreas
1763 1233 2105 1316 apostolus
2133 1234 2359 1296 extitit
2388 1233 2772 1316 predicator
2797 1241 2856 1294 et
2881 1237 3032 1292 rector

676 1319 766 1382 ita
797 1318 975 1399 apud
1009 1329 1075 1382 te
1107 1319 1191 1381 sit
1224 1338 1343 1402 pro
1376 1320 1570 1381 nobis
1601 1331 1961 1402 perpetuus
1992 1319 2408 1384 intercess02:
2438 1341 2577 1403 per.

801 1412 868 1482 (Ι
899 1408 959 1468 Α
971 1406 1023 1467 α’
1047 1404 1474 1469 matutinum³
1505 1407 1964 1469 inuitatorimn
1996 1416 2060 1470 et
2101 1407 2383 1488 hymnus
2410 1408 2491 1470 de
2507 1406 2840 1470 communi
2853 1414 3032 1485 aposto·

670 1491 897 1556 lorum.

801 1579 1199 1661 Antzphona.
1294 1580 1548 1643 Doctor
1567 1580 1800 1656 bonuS,
1830 1581 1925 1644 et⁴
1952 1582 2207 1644 amicus
2236 1581 2344 1644 dei
2377 1580 2697 1644 Andreas
2728 1580 2961 1643 ducitur
2981 1573 3039 1637 ad

675 1687 955 1743 crucem,
988 1687 1189 1749 quam
1223 1687 1263 1729 a
1296 1668 1494 1749 longe
1523 1668 1854 1748 aspiciens
1894 1667 2104 1731 dixit:
2152 1667 2353 1732 Salue
2383 1688 2552 1731 crux
2600 1669 2863 1749 suscipe
2902 1663 3042 1726 disci·

674 1753 902 1835 pulum
936 1755 1076 1817 eius
1106 1755 1219 1835 qui
1253 1753 1573 1836 pependit
1606 1755 1672 1816 in
1707 1763 1772 1817 te
1805 1756 2123 1836 magister
2153 1776 2341 1818 meus
2375 1754 2702 1819 Christus,

1692 1890 1904 1954 Lectio
1935 1891 2048 1972 aij.

679 2001 1080 2131 ANdreas
1108 2002 1281 2065 Petri
1307 2001 1506 2065 frater
1530 2003 1595 2065 in
1623 2002 1984 2066 Bethsaida
2007 2013 2192 2066 ortus
2224 2002 2479 2067 Galilee
2500 2003 2655 2066 vico
2681 2000 3047 2086 piscatoriam

839 2099 1047 2152 artem
1081 2109 1232 2152 cum
1269 2089 1466 2153 fratre
1488 2090 1864 2166 exercebat,
1885 2100 1953 2153 et
1983 2100 2143 2153 tunc
2174 2090 2605 2172 piscabantur
2630 2091 2701 2152 in
2728 2090 2937 2152 littore
2955 2083 3051 2149 Ga·

674 2175 836 2250 lilee,
855 2196 1061 2257 quum
1090 2176 1392 2240 Christus
1413 2178 1789 2257 preterienS‚
1809 2177 1930 2240 hos
1952 2179 2251 2240 omnium
2278 2178 2527 2258 primos
2545 2178 2822 2240 vocauit
2844 2175 3054 2237 dicens:

672 2263 919 2325 Venite
964 2273 1116 2344 post
1163 2284 1288 2339 me,
1317 2273 1385 2326 et
1417 2262 1655 2326 faciam
1701 2285 1824 2326 vos
1868 2265 2229 2346 piscatores
2272 2263 2644 2328 hominum.
2742 2263 2855 2326 Ad
2897 2277 3053 2343 quam

672 2369 904 2412 vocem
939 2349 1121 2413 nullo
1145 2350 1276 2413 alio
1302 2350 1619 2413 miraculo
1643 2350 1914 2414 adducti
1940 2350 2182 2414 relictis
2212 2350 2477 2427 retibuS,
2500 2352 2716 2413 secuti
2751 2359 2902 2414 sunt
2928 2365 3057 2410 eum

678 2436 833 2499 Post
876 2439 1251 2519 passionem
1285 2458 1458 2514 ver0‚
1488 2446 1556 2500 et
1601 2439 2141 2501 resurrectionem
2192 2437 2455 2514 Christi,
2488 2437 2810 2501 Andreas
2853 2455 2987 2498 cum
3012 2433 3058 2492 in

677 2523 953 2605 Scythia
988 2524 1271 2606 Europe,
1302 2544 1432 2606 que
1462 2525 1586 2606 ipsi
1619 2526 1960 2606 prouincia
1991 2524 2078 2587 ad
2113 2524 2354 2589 Christi
2387 2523 2770 2588 doctrinam
2810 2519 3061 2587 dissemi-

673 2611 966 2675 nandam
1000 2611 1347 2695 obtigerat,
1378 2612 1603 2675 multis
1652 2612 1983 2676 miraculis
2027 2611 2222 2676 editis
2254 2612 2572 2695 plurimos
2606 2611 2701 2675 ad
2736 2631 2956 2676 verum
2984 2605 3062 2669 dei

675 2698 927 2762 cultum
961 2699 1382 2781 perduxisset
1415 2699 1479 2761 in
1514 2700 1820 2763 Greciam
1854 2701 2071 2762 venit:
2104 2700 2463 2782 multisque
2494 2699 2581 2763 ad
2614 2698 2827 2763 fidem
2863 2693 3062 2762 Christi

674 2788 1009 2849 conuersis
1042 2785 1371 2867 Aegeam⁵
1397 2786 1857 2868 proconsulem
1890 2786 1976 2849 ad
2011 2786 2243 2849 Patras
2271 2787 2499 2850 vrbem
2533 2783 3069 2868 predicationibus

675 2874 810 2937 suis
829 2873 1280 2949 obsistentem,
1299 2873 1823 2955 christianosque
1843 2874 1908 2936 di
1909 2873 1972 2955 js
1995 2873 2360 2937 sacrificare
2378 2882 2760 2955 cogentem,
2780 2871 3070 2936 liberrime

675 2961 852 3042 cepit
885 2961 1255 3040 increpare:
1288 2960 1468 3042 quod
1492 2961 1605 3041 qui
1639 2961 1843 3023 iudex
1868 2960 2214 3023 hominum
2249 2961 2475 3023 haberi
2498 2959 2721 3024 vellet.
2779 2952 3071 3025 Cristuuff

676 3047 874 3110 deum
903 3057 1104 3129 atque
1129 3048 1427 3109 omnium
1463 3047 1746 3110 iudicem
1772 3068 1812 3110 a
1837 3046 2233 3110 demonibus
2258 3045 2511 3110 illusus⁶
2534 3067 2665 3109 non
2696 3050 3075 3129 agnosceret.

679 3132 802 3197 Cui
858 3133 1126 3215 Aegeas
1186 3134 1388 3195 iratus
1443 3134 1818 3215 respondit:
1881 3134 2230 3197 Desineret
2284 3135 2620 3199 Christum
2679 3135 2948 3209 iactare,
2993 3129 3073 3192 cui

676 3220 916 3283 similia
946 3220 1147 3283 verba
1179 3220 1337 3282 nihil
1372 3220 1788 3302 profuissent,
1819 3223 2177 3303 quominus
2228 3242 2269 3283 a
2329 3221 2549 3284 Iudeis
2593 3221 3078 3303 crucifigeretur.

680 3307 770 3370 Et
818 3306 1161 3370 Andream
1211 3308 1421 3370 multa
1468 3309 1533 3370 in
1596 3307 1862 3371 laudem
1912 3308 2173 3385 Christi,
2218 3318 2457 3391 sponte
2502 3328 2621 3370 sua
2674 3328 2807 3389 pro
2868 3321 3079 3390 genere

677 3394 973 3457 humano
1003 3393 1301 3457 crucifixi
1326 3393 1542 3457 dicere
1575 3396 2020 3477 incipientem,
2042 3416 2216 3457 vana
2246 3405 2313 3458 et
2345 3396 2548 3476 impia
2579 3397 2890 3457 oratione
2915 3396 3081 3455 inter·

677 3481 994 3563 pellatum
1045 3480 1226 3543 iubet
1273 3482 1336 3544 in
1381 3502 1709 3545 carcerem
1758 3481 2036 3545 detrudi.
2127 3481 2328 3545 Vnde
2359 3482 2445 3545 ab
2491 3482 2657 3544 irato
2688 3483 2762 3544 in
2802 3482 3081 3563 Aegeam

679 3568 929 3651 populo
957 3567 1236 3630 eductus
1264 3578 1455 3644 esset,
1487 3570 1609 3631 nisi
1645 3569 1786 3651 ipse
1832 3570 2092 3631 animos
2126 3569 2542 3651 popularium
2590 3569 3084 3650 conpescuisset,

653 3675 938 3737 ‚rogans
970 3675 1052 3717 ne
1083 3675 1153 3717 se
1186 3655 1477 3736 martyrij
1522 3655 2080 3718 desideratissima
2109 3676 2353 3719 corona
2400 3655 2807 3720 fraudarent.
2906 3654 3086 3735 Igitur

678 3740 879 3825 paulo
932 3751 1083 3824 post
1136 3742 1201 3803 in
1257 3741 1543 3805 tribunal
1600 3743 2017 3824 productum,
2064 3762 2269 3823 quum
2321 3743 2591 3824 Aegeas
2643 3743 2708 3804 in
2766 3740 3087 3826 proposito

677 3829 1212 3892 constantissime
1258 3839 1809 3910 perseuerantem,
1838 3839 1905 3892 et
1950 3831 2159 3892 crucis
2207 3830 2596 3910 mysterium
2637 3831 2947 3893 maxime
2987 3846 3083 3889 ex·

676 3916 1041 3992 tollentem,
1090 3915 1346 3997 sibique
1406 3936 1593 3979 suam
1659 3917 2069 3997 impietatem
2122 3916 2323 3979 libera
2368 3937 2533 3979 voce
2577 3917 3082 3998 exprobrantem

678 4002 948 4079 videret,
998 4004 1064 4066 in
1115 4023 1375 4065 crucem
1429 4024 1582 4066 eum
1637 4002 1798 4078 tolli,
1847 4013 1914 4065 et
1970 4002 2213 4067 Christi
2271 4013 2551 4066 mortem
2602 4004 2854 4066 imitari
2906 3999 3085 4065 iussit.

682 4089 1038 4153 Adductus
1084 4090 1282 4171 igitur
1314 4090 1623 4152 Andreas
1663 4089 1747 4152 ad
1783 4090 1999 4153 locum
2048 4090 2345 4171 martyrij
2380 4110 2530 4153 cum
2565 4088 2778 4152 multa
2811 4092 2993 4172 prius
3033 4087 3084 4148 in

679 4178 888 4240 crucis
919 4175 1182 4239 laudem
1217 4176 1662 4239 exclamando
1694 4176 1992 4253 dixisset,
2024 4177 2234 4259 pridie
2264 4177 2576 4239 calendas
2609 4175 3007 4239 Decembris
3035 4174 3085 4233 in

678 4283 938 4327 crucem
972 4274 1159 4326 actus
1192 4262 1437 4327 Christi
1471 4273 1752 4327 mortem
1787 4264 2083 4327 imitatus
2113 4275 2215 4326 est
2247 4265 2369 4326 nisi
2401 4263 2582 4345 quod
2615 4284 2837 4346 neque
2870 4278 3088 4327 manus

774 4402 792 4434 ²
829 4401 1155 4467 suppliciter:
1192 4401 1270 4467 38.
1300 4413 1392 4454 etc.
1531 4402 1553 4433 ²
1586 4404 1913 4454 intercessor:
1952 4403 2030 4468 38.
2060 4413 2155 4455 etc.
2272 4402 2293 4434 ³
2325 4405 2392 4454 di.
2422 4416 2501 4467 30.
2533 4403 2592 4451 in
2614 4419 2679 4452 m.

772 4466 795 4498 ⁴
825 4484 917 4517 om.
949 4479 1027 4530 39.
1534 4468 1556 4498 ⁸
1588 4472 1850 4534 Aegeum:
1889 4467 1966 4533 38.
2268 4467 2290 4499 ⁶
2322 4470 2521 4519 elusus:
2559 4480 2637 4531 39.
2668 4485 2828 4533 many
2848 4469 3063 4518 editions.
