3293 5225
605 344 701 396 352
821 333 875 382 S.
914 330 1322 381 MARTJNUS
1353 331 1582 380 PAPA:
1616 332 1707 379 SS.
1761 331 2061 380 VITALIS
2089 331 2202 380 ET
2226 332 2633 381 AGRJCOLA.
2755 331 2937 392 [Nov.
2974 344 3047 392 14.

602 486 882 548 acolitus
912 485 1270 548 ordinatus,
1363 484 1657 546 Demum
1690 483 1776 546 ad
1808 485 2266 566 episcopatum
2311 484 2735 548 Turonensis
2765 485 3055 548 ecclesie

603 574 849 634 ascitus
902 573 1374 634 monasterium
1425 570 1780 646 edificauit,
1809 572 1920 633 vbi
1953 592 2102 633 cum
2138 572 2350 635 ‚lxi-cx.
2385 572 2702 634 fratribus
2759 575 3051 634 sanctis-

602 662 768 721 sime
828 659 1079 740 degens
1141 658 1470 721 miraculis
1529 658 1781 721 claruit.
1900 658 2205 721 Tandem
2256 658 2420 722 febri
2480 670 2841 740 correptus
2893 680 3048 722 cum

602 747 868 809 assidua
920 747 1217 808 oratione
1266 744 1621 821 Christum,
1651 754 1723 807 vt
1775 766 1845 807 se
1895 747 2228 827 reciperet,
2261 755 2655 828 precaretur,
2687 747 3052 828 discipulis

602 832 1142 895 acclamantibus.
1234 831 1367 896 Cur
1397 852 1519 894 nos
1552 842 1740 914 pater
1769 833 2066 895 deseris?
2113 853 2227 894 cur
2265 853 2386 894 nos
2436 835 2719 895 miseros
2751 833 3050 896 derelin-

604 921 797 1001 quis?
844 921 1325 982 conclamauit:
1423 919 1711 981 Domine
1765 920 1816 980 si
1872 919 2090 981 adhuc
2137 919 2383 1001 populo
2431 930 2548 983 tuo
2594 941 2749 983 sum
2810 942 3051 984 neces-

605 1010 830 1082 sariuS,
891 1027 1023 1069 non
1087 1027 1315 1069 recuso
1375 1005 1688 1081 laborem,
1741 1005 1856 1068 fiat
1909 1006 2218 1068 voluntas
2277 1016 2410 1069 tua.
2525 1006 2617 1069 Et
2676 1007 2854 1070 dum
2926 1009 3050 1071 hec

607 1094 997 1175 loqueretur,
1028 1093 1293 1155 beatam
1326 1094 1619 1155 animam
1654 1092 1906 1155 efflauit
1938 1093 2041 1173 .iij.
2075 1093 2222 1155 idus
2257 1093 2677 1158 Nouembris,

1098 1238 1163 1307 (I
1210 1230 1558 1293 Martinus
1571 1241 1753 1312 papa
1785 1240 2055 1310 martyr.
2145 1229 2358 1293 Lectio
2387 1228 2526 1313 ‚iifl

618 1344 1065 1474 MArtinus
1120 1364 1293 1425 papa
1348 1344 1624 1405 nacione
1685 1343 1909 1418 ItaluS,
1964 1343 2175 1425 patria
2225 1342 2648 1419 TudertinuS,
2680 1345 2894 1407 initio
2950 1347 3052 1408 sui

816 1430 1240 1514 pontificatus
1300 1428 1555 1511 legatos
1616 1427 2266 1512 Constantinopolim
2344 1430 2523 1494 misit
2583 1430 2671 1493 ad
2747 1432 3049 1495 Paulum

608 1518 1049 1601 patriarcham
1111 1518 1493 1592 hereticum,
1545 1518 1599 1578 si
1665 1526 1888 1599 posset
1946 1535 2099 1579 eum
2153 1517 2239 1579 ad
2290 1517 2644 1580 sanitatem
2699 1540 3054 1583 reuocare.

611 1605 730 1668 Ille
792 1625 947 1667 vero
1006 1613 1267 1666 tantum
1329 1603 1557 1680 abfuit,
1604 1613 1676 1666 vt
1731 1602 2060 1685 pontificis
2118 1603 2725 1667 adhortationibus²
2776 1607 3054 1669 obtem-

609 1702 883 1774 peraret,
957 1701 1027 1754 vt
1117 1691 1362 1754 abusus
1454 1690 1827 1770 Constantij
1925 1692 2339 1773 imperatoris
2429 1692 2658 1754 itidem
2759 1692 3053 1757 heretici

607 1780 982 1853 autoritate,
1044 1777 1300 1859 legatos
1361 1776 1735 1860 pontificios
1796 1778 1860 1839 in
1923 1777 2219 1840 diuersas
2293 1777 2541 1840 insulas
2615 1779 3054 1862 relegauerit.

611 1866 835 1949 Quare
882 1874 1257 1927 commotus
1288 1864 1386 1946 (vt
1436 1885 1554 1945 par
1583 1865 1757 1945 erat)
1811 1864 2139 1927 Martinus
2185 1864 2278 1928 ‚cl.
2323 1866 2800 1948 episcoporum
2854 1889 3054 1932 rome

608 1964 840 2015 coacta
932 1952 1191 2032 synodo
1261 1950 1532 2033 paulum
1611 1950 2052 2033 patriarcham
2128 1951 2559 2015 anathemate
2636 1953 3056 2030 detestatuS,

608 2040 974 2103 damnauit.
1086 2039 1277 2101 Tunc
1336 2040 1751 2100 constantius
1799 2037 2170 2120 olympium
2225 2038 2588 2101 exarchum
2646 2041 2714 2102 in
2776 2042 3053 2105 italiam

607 2128 829 2203 mittit,
880 2128 1074 2207 eique
1135 2126 1427 2200 mandat,
1471 2134 1543 2187 vt
1604 2122 2226 2197 monathelitarum†
2277 2135 2525 2188 sectam
2583 2146 2700 2208 per
2757 2148 3053 2192 omnem

606 2213 857 2276 italiam
907 2213 1385 2288 disseminaret,
1415 2211 1735 2293 daretque
1787 2232 2058 2294 operam
2090 2222 2162 2274 vt
2195 2212 2560 2275 Martinum
2614 2234 2883 2295 papam
2939 2228 3059 2279 aut

604 2300 1017 2375 interficeret,
1062 2310 1177 2362 aut
1223 2310 1492 2381 captum
1549 2299 1633 2361 ad
1690 2319 1759 2361 se
1814 2299 2307 2381 perducendum
2371 2308 2643 2364 curaret.
2771 2302 2843 2363 A
2918 2324 3059 2385 quo

608 2388 932 2469 Olympio
962 2407 1111 2449 cum
1152 2387 1438 2448 Romam
1474 2387 1899 2468 peruenisset,
1924 2386 2111 2448 lictor
2142 2387 2477 2448 immissus
2507 2388 2619 2467 qui
2657 2387 3053 2454 Martinum

607 2477 673 2538 in
732 2475 1012 2537 Basilica
1063 2484 1289 2536 sancte
1339 2474 1543 2535 marie
1599 2474 1865 2535 maioris
1917 2483 2199 2555 caperet,
2243 2483 2360 2535 aut
2407 2473 2741 2537 occideret
2796 2498 3060 2561 repug-

608 2573 901 2639 nantem,
923 2562 1027 2625 dei
1063 2560 1380 2623 miraculo
1411 2559 1629 2623 subita
1662 2561 1940 2623 cecitate
1971 2561 2332 2643 corripitur.
2424 2559 2516 2623 Et
2545 2562 2637 2623 sic
2670 2562 3058 2629 discrimen

608 2660 765 2714 tunc
837 2651 1159 2712 martinus
1224 2648 1452 2711 euasit.
1572 2647 1708 2711 Sed
1778 2647 1977 2730 paulo
2045 2659 2194 2730 post
2263 2646 2696 2713 Constantius
2771 2656 3062 2734 magnis

607 2734 1125 2800 calamitatibus³
1155 2736 1432 2818 imperio
1478 2736 1769 2817 acceptis
1818 2734 2023 2797 nihilo
2072 2735 2302 2797 melior
2334 2735 2563 2812 factuS,
2594 2735 3060 2803 Theodorum

607 2824 954 2907 Caliopam
1036 2824 1324 2885 Romam
1393 2821 1479 2884 ad
1548 2821 1803 2884 facinus
1878 2822 2329 2903 peragendum
2408 2823 2628 2885 mittit.
2755 2825 2827 2886 A
2915 2847 3063 2909 quo

608 2913 931 2974 martinus
976 2910 1133 2973 dolo
1177 2919 1430 2991 captuS,
1462 2907 2112 2991 Constantinopolim
2164 2908 2462 2971 mittitur.
2553 2908 2758 2973 Vnde
2803 2926 3062 2995 postea

607 3000 673 3061 in
710 2998 1172 3061 Chersonesim
1202 2997 1394 3058 Ponti
1425 2996 1768 3077 relegatuS,
1793 2995 2283 3058 calamitatibus
2311 3005 2379 3058 et
2412 2997 2636 3078 inopia
2668 2998 3063 3078 confectuS,

606 3085 816 3168 pridie
850 3085 996 3147 idus
1030 3083 1430 3146 Nouembris
1462 3084 1737 3145 moritur
1761 3082 2005 3144 ibidem
2033 3082 2457 3164 pontificatus
2487 3084 2586 3145 sui
2618 3104 2808 3148 anno
2841 3100 3064 3152 sexto

606 3193 833 3235 mense
865 3172 1078 3254 primo
1109 3170 1216 3232 die
1247 3171 1451 3233 xxvi.

1005 3315 1070 3384 (I
1136 3307 1198 3371 V
1192 3307 1375 3369 italis
1402 3316 1465 3368 et
1490 3305 1803 3388 Agricola
1833 3306 2196 3386 margyresf
2281 3305 2494 3369 Lectio
2524 3307 2634 3389 .iij.

613 3422 938 3550 Vltalis
997 3430 1065 3483 et
1118 3419 1455 3502 Agricola,
1507 3439 1789 3499 quorum
1854 3419 2242 3499 martyrium
2305 3428 2573 3481 sanctus
2622 3418 3062 3487 Ambrosius

777 3510 1053 3590 scripsit,
1109 3508 1426 3581 Bononie,
1463 3506 1882 3568 Diocletiano
1920 3515 1987 3567 et
2041 3505 2463 3567 Maximiano
2512 3508 3060 3588 imperatoribus

610 3607 959 3679 propterea
1032 3593 1213 3676 quod
1276 3593 1563 3657 Cristum
1643 3592 2057 3674 predicarent
2131 3593 2610 3674 comprehensi,
2668 3603 2737 3656 et
2822 3609 3061 3662 morte

607 3681 830 3746 affecti
893 3692 1064 3744 sunt.
1156 3681 1320 3743 Erat
1378 3691 1602 3743 autem
1661 3679 1906 3742 Vitalis
1965 3698 2193 3741 seruus
2247 3679 2578 3761 Agricole,
2638 3700 2826 3744 nunc
2882 3704 3060 3748 vero

607 3790 880 3833 consors
910 3780 978 3832 et
1012 3767 1305 3848 martyrij
1342 3768 1574 3830 socius,
1667 3765 1799 3848 Qui
1835 3766 2076 3828 Vitalis
2121 3786 2271 3828 cum
2305 3767 2693 3848 vrgentibus
2723 3788 3060 3850 persecu·

612 3858 879 3932 toribuS,
952 3865 1023 3918 vt
1092 3853 1428 3919 Christum
1505 3863 1778 3935 negaret
1867 3853 1993 3915 hoc
2071 3853 2358 3935 amplius
2446 3853 2743 3917 eiusdem
2831 3855 3058 3922 fidem

612 3942 1045 4027 profiteretur,
1092 3942 1389 4025 plurimis
1437 3940 1765 4022 varijsque
1808 3941 2156 4002 tormentis
2204 3940 2564 4016 crutiatu5‚⁵
2609 3961 2742 4022 que
2796 3943 3058 4010 libenti

606 4052 686 4093 ac
719 4030 967 4093 inuicto
1011 4031 1237 4092 animo
1290 4028 1578 4111 pertulit,
1610 4028 1753 4090 susa
1805 4028 2103 4089 oratione
2152 4028 2464 4109 migrauit
2515 4027 2602 4090 ad
2656 4027 3060 4098 dominum.

609 4116 928 4199 Agricola
976 4115 1235 4193 deinde,
1265 4117 1450 4178 cuius
1498 4134 1676 4178 mors
1721 4115 1775 4176 si
1807 4112 1976 4177 sorte
2031 4124 2317 4176 mutaret
2363 4116 2793 4191 sententiam,
2827 4119 3063 4185 dilata

607 4214 769 4280 erat,
789 4224 940 4267 cum
975 4204 1178 4266 nollet
1209 4203 1623 4283 acquiescere
1655 4201 2199 4284 persecutoribuS,
2221 4203 2395 4264 cruci
2426 4201 2686 4279 affixuS,
2707 4211 3062 4288 martyrio

711 4338 727 4369 ¹
762 4339 845 4389 die
873 4352 914 4388 1.
944 4340 1001 4387 in
1026 4355 1091 4388 m.
1169 4351 1220 4386 11
1250 4356 1262 4388 z
1300 4336 1377 4401 38.
1449 4337 1516 4402 xij
1541 4355 1554 4388 ε
1592 4349 1670 4401 39.
1700 4345 1793 4386 etc.
2109 4333 2132 4365 ²
2163 4335 2626 4386 abhortationibus:
2662 4350 2745 4401 43.

709 4405 730 4433 ⁸
763 4405 848 4454 in:
883 4405 994 4453 add.
1025 4415 1102 4466 39.
1131 4413 1226 4454 etc.
1612 4400 1634 4432 ⁴
1666 4401 1749 4452 die
1777 4415 1850 4463 14.
1880 4401 1939 4450 in
1963 4417 2028 4451 m.
2411 4399 2433 4431 ⁶
2464 4400 2749 4454 cruciatus:
2788 4404 2878 4468 38.
2909 4418 3023 4460 etc,
