3293 5225
380 442 470 493 xlii
1444 446 2040 499 KALENDARJUM.

1521 716 1949 778 ¹OCTOBER

1364 874 1613 924 HABET
1666 873 1834 925 DIES
1891 872 2118 924 xxxl.²
2413 936 2418 939 ,

383 989 585 1037 Amnu.
993 990 1121 1038 Dies
2822 989 2905 1040 fol.

432 1065 541 1129 xvj.
602 1068 650 1115 A
702 1066 949 1116 Calendis.
1043 1080 1064 1117 1
1126 1066 1388 1133 Remigius
1408 1066 1676 1133 episcopus
1698 1065 1956 1118 consessor
2151 1058 2159 1068 '

495 1158 543 1192 v.
615 1143 650 1191 b
752 1144 803 1193 vi
836 1160 917 1193 no.
1035 1157 1066 1194 2
1123 1145 1202 1195 Ex
1223 1145 1439 1211 epistola
1462 1144 1535 1210 .ij.
1563 1144 1630 1194 ad
1652 1144 1994 1195 Timotheum.
2068 1145 2255 1194 Paulus
2799 1157 2896 1208 4¹3
2964 1145 3108 1208 [232]

416 1221 539 1285 xiij.
609 1236 637 1271 c
772 1238 804 1270 v
836 1237 919 1272 no.
1036 1234 1065 1286 3
1124 1223 1201 1273 Ex
1223 1224 1436 1288 epistola
1457 1222 1529 1288 .ij.
1558 1221 1626 1272 ad
1646 1222 1989 1273 Timotheum.
2071 1223 2147 1273 711
2171 1239 2290 1288 ergo
2807 1236 2907 1284 414
2971 1223 3114 1286 [233]

478 1299 539 1360 ij.
605 1298 639 1348 d
732 1298 802 1364 iiij
836 1314 918 1348 n0.
1033 1316 1067 1362 4
1120 1302 1422 1349 France‘scus
1440 1299 1684 1365 consessor
1701 1300 1889 1364 duplex
1908 1302 2084 1349 minus
2805 1299 2905 1361 480
2969 1300 3113 1363 [339]

614 1392 642 1425 0
759 1376 810 1443 iij
843 1393 927 1426 no.
1046 1388 1073 1441 5
1131 1378 1209 1428 Ex
1231 1378 1445 1443 epistola
1468 1378 1541 1442 .ij.
1568 1376 1636 1427 ad
1659 1377 1999 1428 Timotheum.
2073 1380 2193 1429 Hoc
2214 1387 2380 1428 autem
2807 1388 2904 1441 415
2971 1378 3115 1441 [233]

486 1469 539 1502 x.
611 1453 637 1502 s
681 1455 853 1518 pridie
870 1471 947 1505 no.
1035 1456 1069 1505 6
1128 1455 1206 1505 Ex
1228 1456 1442 1520 epistola
1465 1456 1538 1520 .ij.
1566 1456 1633 1505 ad
1657 1454 1998 1506 Timotheum.
2080 1457 2132 1504 Τ
2124 1456 2342 1506 estificor
2809 1456 2908 1517 416
2973 1455 3117 1518 [233]

618 1546 651 1595 g
743 1532 910 1582 Nonis
1037 1544 1066 1595 7
1123 1535 1329 1583 Alareus
1352 1549 1483 1598 papa
1505 1531 1761 1583 confessor
2145 1549 2151 1557 ·
2810 1533 2910 1595 480
2975 1534 3118 1597 [339]

383 1608 536 1671 xviij.
603 1611 651 1656 A
723 1609 808 1674 viij
844 1609 912 1659 id.
1038 1609 1070 1660 8
1127 1610 1205 1659 Ex
1228 1611 1443 1676 epistola
1462 1610 1529 1661 ad
1551 1610 1740 1661 Titum.
1815 1611 2004 1661 Paulus
2806 1621 2903 1673 417
2971 1611 3114 1675 [233]

446 1685 542 1749 vij.
612 1685 646 1734 b
738 1687 806 1751 vij
840 1687 906 1737 id.
1032 1700 1065 1750 9
1123 1688 1411 1753 Dionysius,
1442 1688 1676 1738 Rusticus
1696 1698 1747 1739 et
1780 1689 1934 1738 ceteri
1957 1699 2200 1752 martyres
2810 1688 2910 1750 480
2971 1689 3115 1751 [340]

620 1778 648 1813 c
762 1763 810 1813 vi
844 1763 914 1814 id.
1013 1777 1074 1814 10
1130 1765 1208 1815 Ex
1231 1765 1446 1831 epistola
1466 1766 1533 1815 ad
1556 1765 1747 1815 Titum.
1828 1767 1906 1816 Tu
1926 1774 2095 1816 autem
2809 1764 2907 1827 418
2972 1765 3115 1829 [233]

453 1856 540 1889 xv.
608 1840 641 1890 d
780 1858 811 1889 v
846 1842 912 1891 id.
1013 1854 1065 1891 11
1130 1842 1208 1891 Ex
1232 1843 1444 1909 epistola
1467 1842 1535 1892 ad
1557 1842 1745 1893 Titum.
1820 1843 2059 1893 Admone
2635 1854 2641 1861 ·
2812 1841 2909 1904 418
2974 1843 3118 1907 [234]

435 1918 538 1981 iiij.
617 1934 645 1967 e
737 1918 808 1984 iiij
846 1919 912 1969 id.
1012 1932 1071 1968 12
1128 1920 1205 1969 Ex
1229 1920 1443 1986 epistola
1468 1932 1535 1971 .1.
1565 1919 1632 1969 ad
1656 1919 1963 1971 Corinthios.
2036 1921 2226 1971 Pamus
2814 1920 2909 1983 236
2973 1920 3117 1982 [149]

631 1996 656 2045 s
755 1996 809 2061 iij
843 1996 912 2046 id.
1011 2010 1069 2061 ¹3
1127 1998 1205 2047 Ex
1228 1998 1445 2064 epistola
1468 2034 1480 2047 .
1496 2010 1537 2048 1.
1566 1998 1633 2048 ad
1657 1998 1962 2048 Corinthios.
2050 1998 2232 2049 Videte
2811 2008 2907 2061 237
2973 1997 3116 2061 [150]

446 2072 544 2125 xii.
620 2088 654 2137 g
688 2075 861 2138 pridie
885 2075 953 2124 id.
1021 2088 1080 2136 14
1139 2075 1353 2125 Calistus
1376 2091 1509 2141 papa
1530 2084 1720 2140 martyr
2812 2076 2903 2136 481
2975 2074 3119 2139 [341]

507 2152 542 2199 i.
603 2153 652 2199 A
729 2152 920 2201 Idibus.
1020 2163 1077 2216 15
1136 2153 1214 2202 Ex
1236 2153 1451 2218 epistola
1475 2165 1542 2204 .1.
1570 2152 1637 2202 ad
1659 2152 1949 2203 corinthios.
2022 2154 2095 2203 Et
2115 2169 2210 2217 ego
2234 2152 2408 2203 fratres
2815 2148 2933 2216 258³
2975 2152 3119 2215 [150]

617 2228 652 2276 b
710 2228 807 2294 xvij
844 2230 937 2280 cal.
1014 2230 1072 2279 16
1128 2230 1207 2279 Ex
1229 2229 1464 2296 epistola*
1485 2230 1551 2280 ad
1575 2230 1879 2281 Corinthios.
1952 2231 2041 2281 Sic
2063 2229 2175 2281 vos⁸
2813 2228 2909 2294 238
2974 2230 3119 2293 [151]

473 2306 546 2354 ix.
619 2321 647 2356 c
730 2307 813 2356 xvi
846 2308 940 2357 cal.
1014 2318 1071 2369 17
1130 2308 1208 2358 Ex
1230 2308 1444 2374 epistola
1465 2320 1536 2358 .1.
1562 2309 1627 2358 ad
1653 2308 1955 2359 Corinthios.
2030 2309 2181 2373 Rogo
2202 2323 2321 2374 ergo
2813 2319 2911 2371 239
2973 2307 3117 2371 [151]

617 2382 650 2432 d
750 2400 815 2433 xv
848 2387 942 2435 021.
1017 2383 1075 2434 18
1132 2388 1296 2435 Lucas
1316 2388 1625 2451 euangelista
1646 2388 1832 2451 duplex
1852 2389 2022 2436 maius
2812 2385 2905 2447 481
2975 2385 3119 2449 [341]

410 2462 542 2524 xvij.
616 2478 644 2511 e
702 2462 805 2527 xiiij
841 2463 935 2512 021.
1015 2476 1073 2526 19
1131 2464 1418 2514 Ptolomeus
1439 2475 1489 2515 et
1516 2464 1701 2515 Lucius
1723 2474 1964 2529 martyres
2813 2462 2904 2524 481
2975 2463 3119 2525 [342]

471 2536 570 2587 vi.⁰
619 2537 644 2588 f
726 2538 812 2604 xiij
848 2541 942 2590 cal.
1015 2554 1080 2591 20
1136 2542 1213 2591 Ex
1236 2542 1450 2608 epistola
1473 2555 1543 2592 .1.
1571 2542 1636 2592 ad
1662 2542 1956 2593 corinthioS.
2023 2542 2194 2592 Audet
2217 2541 2399 2607 aliquis
2815 2554 2912 2601 240
2975 2540 3118 2604 [151]

619 2634 652 2683 g
747 2619 815 2683 xij
848 2620 944 2669 021.
1015 2631 1073 2669 21
1143 2621 1324 2671 Ursula
1345 2630 1395 2671 et
1418 2621 1551 2671 socie
1574 2618 1811 2685 virgines⁷
1836 2631 2078 2685 martyres

401 2697 544 2758 xiiij.
606 2699 653 2744 A
765 2696 814 2745 xi
848 2696 942 2747 021.
1016 2709 1079 2746 22
1134 2696 1433 2763 Hyslarion⁸
1452 2699 1624 2749 abbas.
1700 2699 1815 2749 Fuit
1838 2698 1961 2749 heri.
2816 2697 2913 2757 482
2979 2696 3126 2759 [342]

462 2774 543 2840 iij.
620 2775 654 2822 b
778 2791 810 2823 x
844 2774 938 2824 cal.
1012 2787 1073 2838 23
1131 2775 1209 2824 Ex
1231 2776 1448 2842 epistola
1469 2788 1538 2827 .1.
1566 2775 1633 2826 ad
1658 2776 1962 2827 Corinthios,
2036 2776 2120 2825 De
2141 2776 2324 2841 quibus
2812 2786 2902 2835 241
2974 2773 3122 2836 [151]

624 2866 652 2900 0
766 2851 817 2900 ix
849 2852 942 2900 021.
1021 2864 1085 2913 24
1142 2852 1220 2902 Ex
1242 2853 1455 2919 epistola
1477 2890 1490 2904 .
1505 2865 1544 2903 1.
1572 2853 1638 2904 ad
1661 2853 1951 2904 corinthios.
2022 2853 2108 2903 De
2130 2843 2403 2918 virginibus
2812 2863 2909 2913 242
2975 2851 3122 2914 [152]

462 2930 538 2978 xi.
615 2927 648 2977 d
726 2929 809 2993 viij
842 2930 937 2979 021.
1016 2936 1079 2994 25
1141 2931 1482 2996 Chrysanthus
1504 2942 1555 2981 et
1579 2930 1757 2981 Daria⁰
1778 2939 2019 2997 martyres
3141 2983 3146 2986 ,

439 3007 551 3054 xix.
629 3022 657 3055 e
746 3005 810 3069 vij
846 3007 940 3055 cal.
1018 3008 1084 3056 26
1139 3008 1398 3059 Euaristus
1422 3025 1554 3074 papa
1576 3019 1764 3074 martyr
2808 3004 2907 3066 432
2973 3005 3120 3068 [343]

621 3082 644 3131 f
654 3081 693 3112 ¹⁰
774 3083 823 3132 vi
857 3085 949 3133 021.
1026 3096 1087 3146 27
1144 3085 1224 3134 Ex
1246 3087 1459 3152 epistola
1481 3123 1495 3136 .
1510 3100 1549 3137 1.
1576 3087 1644 3137 ad
1667 3086 1954 3137 corinthios,
2027 3087 2111 3136 De
2134 3087 2198 3152 ijs
2220 3097 2315 3150 243
2338 3085 2478 3150 [152]
2502 3083 2672 3150 vigilia

463 3157 579 3209 vi.¹¹
619 3177 652 3224 g
795 3177 826 3210 v
860 3162 953 3211 021.
1028 3160 1091 3211 28
1146 3164 1323 3212 Simon
1345 3172 1391 3213 et
1413 3165 1573 3213 Iudas
1592 3165 1803 3228 apostoli
1819 3165 2004 3228 duplex
2025 3165 2195 3212 maim
2814 3157 2912 3220 482
2978 3160 3126 3223 [343]

605 3240 653 3286 A
763 3237 830 3302 iiij
865 3240 959 3288 can.
1035 3252 1100 3302 29
1154 3239 1423 3291 Marcenus
1445 3250 1631 3305 martyr
2815 3234 2914 3297 482
2979 3236 3127 3299 [344]

340 3371 343 3374 A
434 3317 544 3365 m.
619 3315 652 3365 b
775 3314 825 3378 iij
862 3317 955 3365 cal.
1031 3328 1096 3380 30
1151 3318 1229 3367 Ex
1251 3318 1464 3383 epistola
1487 3331 1556 3369 .1.
1583 3319 1650 3368 ad
1672 3319 1960 3369 corinthios.
2032 3319 2158 3368 Non
2180 3333 2289 3369 sum
2817 3326 2912 3377 243
2979 3314 3127 3378 [153]

463 3408 512 3442 v.
620 3409 648 3443 0
695 3393 868 3457 pridie
883 3395 976 3444 cal.
1033 3406 1087 3457 31
1152 3395 1229 3445 Ex
1251 3396 1466 3460 epistola
1489 3432 1502 3445 .
1517 3408 1558 3447 1.
1585 3395 1650 3445 ad
1674 3395 1962 3447 corinthios.
2035 3396 2110 3446 Et
2131 3393 2291 3446 sactus
2313 3407 2410 3456 244
2431 3391 2762 3500 [1531185‘18511a

489 3621 507 3652 ¹
542 3623 769 3673 Seminat
794 3623 1047 3673 October:
1073 3633 1159 3688 pr.
1188 3625 1267 3673 61.
1298 3626 1378 3686 64.
1406 3625 1487 3675 66.
1562 3625 1695 3674 KL:
1737 3625 1940 3674 Octobel.
1970 3623 2048 3688 38.

488 3687 511 3718 ²
543 3690 697 3737 Luna
718 3705 846 3738 vero.
874 3707 999 3737 xxx.
1028 3691 1139 3740 add.
1170 3688 1247 3753 38.
1697 3690 1718 3719 ³
1760 3692 1811 3738 T
1803 3691 1901 3739 leus
1903 3690 2002 3755 jbr
2021 3689 2132 3753 238.
2585 3685 2607 3716 ⁴
2639 3700 2706 3735 .1.
2735 3687 2846 3734 add.
2877 3685 2938 3749 31
2964 3686 3054 3735 810.

489 3752 510 3781 ⁸
551 3754 691 3803 Thus
712 3757 815 3802 also
838 3753 933 3817 38:
970 3771 1094 3804 nos:
1132 3767 1197 3818 39
1217 3756 1308 3805 &c.
1686 3752 1709 3785 ⁶
1740 3755 1842 3805 viii.
1870 3768 1951 3816 42.
2578 3749 2599 3783 ⁷
2631 3760 2714 3801 et:
2749 3752 2861 3800 add.
2892 3763 2956 3814 39
2978 3752 3069 3801 810.

487 3817 510 3848 ⁸
550 3820 601 3867 Τ
593 3820 689 3867 leus
694 3819 791 3884 Jbr
815 3819 1079 3883 Hylarion.
1691 3817 1714 3849 ⁹
1748 3820 1947 3870 Maria:
1983 3832 2063 3883 43.
2563 3816 2602 3847 ¹⁰
2634 3833 2727 3866 om.
2757 3829 2837 3877 42.

473 3882 510 3913 ¹¹
556 3883 693 3933 Thus
714 3885 817 3932 also
840 3885 903 3947 38
925 3889 1027 3935 and
1049 3897 1130 3947 42.
1201 3885 1285 3951 viij
1310 3902 1323 3935 1
1359 3897 1440 3949 39.
1470 3885 1561 3935 810.

489 4024 529 4056 ²²
562 4025 798 4077 Octobris
824 3961 1005 4157 Dies{
1089 3975 1148 4077 10
1222 3962 1271 4158 }
1346 4028 1515 4078 Horas
1536 4029 1691 4079 habet
1765 3962 1813 4158 «ἱ
1895 3974 2010 4078 {elva
2088 3963 2134 4157 }
2209 4027 2327 4077 Nox
2399 3960 2447 4156 «ἱ
2530 3973 2643 4140 Ξξλ

1082 4105 1147 4142 20
1897 4105 1957 4143 10
2558 4106 2589 4152 4

1522 4173 1636 4221 add.
1666 4170 1748 4222 61.
1775 4172 1856 4232 64.
1885 4171 1965 4220 66.

489 4259 534 4308 (1
565 4247 763 4312 Scorpio
777 4248 1041 4313 srtgridum
1074 4255 1121 4297 et
1153 4249 1440 4310 humidum,
1479 4251 1545 4313 5²15
1554 4266 1680 4298 num
1716 4249 2021 4314 indifferens.
2096 4247 2331 4314 Scorpius
2363 4255 2652 4312 augmentat
2675 4247 2877 4296 morbos
2900 4246 2953 4296 in
2976 4257 3124 4312 parte

394 4311 643 4379 pudenda.
715 4312 936 4362 Vulnera
976 4328 1076 4362 non
1111 4329 1269 4373 cures,
1306 4329 1486 4364 caueas
1528 4315 1800 4365 ascendere
1823 4330 1992 4365 naues.
2091 4315 2158 4364 Et
2190 4315 2230 4364 si
2265 4314 2428 4379 carpis
2474 4314 2584 4372 iter,
2620 4327 2799 4362 caueas
2844 4311 2909 4362 de
2956 4323 3122 4363 morte

393 4378 601 4429 ruinam.
640 4379 754 4428 add.
784 4391 863 4442 39.
891 4392 971 4444 41.
1000 4391 1082 4442 43.
1111 4380 1192 4429 61.
1220 4380 1302 4440 64.

495 4443 717 4494 October
742 4444 855 4493 vina
879 4444 1100 4508 praebet,
1126 4460 1238 4494 cum
1262 4460 1410 4494 carne
1433 4443 1605 4494 ferina.
1654 4444 1764 4495 Nec
1786 4460 1888 4494 non
1911 4444 2141 4495 anserina
2162 4459 2278 4494 caro
2300 4444 2432 4494 valet
2456 4452 2509 4493 et
2531 4442 2802 4492 volucrina.
2875 4443 3127 4506 Quamuis

392 4517 506 4558 sunt
528 4523 680 4559 sana:
718 4519 884 4560 tamen
908 4519 982 4560 est
1007 4510 1217 4576 repletio
1240 4526 1384 4561 vana.
1458 4511 1714 4575 Quantum
1739 4511 1814 4561 vis
1836 4511 2044 4561 comede
2066 4528 2080 4561 ε
2116 4510 2205 4560 sed
2227 4524 2327 4559 11011
2351 4508 2642 4574 praecordia
2666 4507 2823 4558 laede.
2880 4509 2995 4558 add.
3024 4509 3108 4559 66.
