3293 5225
367 470 511 520 Auo.
542 471 616 532 2.]
1170 470 1223 519 S.
1252 469 1709 520 STEPHANUS
1727 471 1938 520 PAPA.
2683 481 2782 535 309

1000 677 1067 746 (Ι
1096 671 1159 734 Α
1169 671 1223 734 d
1245 672 1641 735 matutinum
1673 670 2171 737 inuitatorium.¹

500 795 756 878 Regem
788 796 1263 879 apostolorum,
1291 795 1425 861 etc.²

496 882 808 965 Hymnus
836 893 913 946 ut
936 895 1139 966 supra
1169 885 1240 946 in
1274 884 1563 967 vesperis,

495 969 894 1052 Antzpltona.
988 972 1218 1035 Petrus
1267 973 1538 1053 quidem
1589 972 1979 1035 seruabatur
2027 971 2093 1033 in
2143 992 2420 1049 carcere,
2451 981 2519 1034 et
2565 970 2779 1034 oratio

368 1057 570 1120 fiebat
601 1058 742 1121 sine
775 1059 1262 1121 intermissione
1295 1061 1381 1122 ab
1413 1058 1691 1122 ecclesia
1721 1058 1807 1122 ad
1840 1060 2041 1122 deum
2075 1079 2197 1141 pro
2229 1079 2328 1124 eo,

1281 1194 1348 1263 (Ι
1390 1187 1605 1251 Lectio
1635 1188 1845 1251 tertia.

499 1298 636 1360 Vm
705 1297 1013 1362 Herodes
1055 1299 1408 1362 occidisset
1458 1299 1777 1362 Iacobum
1830 1299 2098 1362 fratrem
2155 1299 2425 1362 Ioannis
2476 1298 2785 1361 animad-

544 1394 812 1449 uertens
843 1386 908 1447 id
964 1405 1106 1448 esse
1145 1395 1409 1467 gratum
1436 1386 1677 1463 Iudeis,
1699 1388 2142 1470 apprehendit
2167 1406 2433 1468 quoque
2489 1385 2780 1449 Petrum.

375 1472 588 1535 Erant
620 1488 864 1548 autem,
883 1482 957 1535 ut
987 1484 1087 1535 est
1120 1473 1185 1536 in
1220 1474 1386 1536 actis
1409 1475 1864 1556 apostolorum
1891 1475 2035 1538 dies
2058 1493 2448 1555 azymorum
2475 1472 2783 1536 tradidit-

376 1579 506 1640 que
552 1569 840 1641 quatuor
884 1561 1431 1640 quaternionibus
1492 1561 1780 1624 militum
1833 1563 1920 1624 ad
1974 1561 2505 1637 custodiendum,
2549 1560 2786 1624 volens

377 1656 530 1729 post
606 1646 853 1729 pascha
930 1649 1291 1728 producere
1367 1667 1522 1710 eum
1599 1649 1866 1731 populo,
2001 1649 2091 1712 Et
2185 1649 2419 1711 Petrus
2507 1647 2782 1729 quidem

373 1734 761 1797 seruabatur
794 1735 858 1796 in
891 1753 1168 1797 carcere.
1289 1733 1527 1798 Oratio
1574 1744 1796 1798 autem
1846 1735 2048 1798 fiebat
2100 1735 2242 1798 sine
2294 1733 2786 1798 intermissione

374 1822 463 1884 ab
517 1820 793 1884 ecclesia
845 1821 931 1883 ad
986 1820 1185 1884 deum
1239 1842 1359 1903 pro
1419 1842 1517 1885 eo.
1637 1821 1809 1886 Cum
1864 1832 2089 1885 autem
2140 1823 2582 1905 producturus
2626 1841 2782 1884 eum

374 1918 551 1971 esset
607 1908 932 1984 HerodeS‚
965 1909 1032 1970 in
1087 1909 1231 1990 ipsa
1285 1917 1481 1972 nocte
1534 1920 1679 1972 erat
1730 1911 1962 1973 Petrus
2014 1910 2350 1972 dormiens
2396 1910 2570 1972 inter
2610 1910 2787 1972 duos

378 1995 639 2072 militeS‚
711 1995 975 2060 vinctus
1046 1995 1300 2058 catenis
1374 1995 1672 2059 duabus:
1762 2005 1830 2059 et
1904 1995 2215 2059 custodes
2304 2005 2461 2058 ante
2536 1996 2782 2059 ostium

375 2082 848 2146 custodiebant
921 2102 1266 2146 carcerem.
1405 2083 1496 2146 Et
1556 2104 1712 2147 ecce
1772 2082 2049 2164 angelus
2121 2083 2373 2146 domini
2435 2084 2648 2147 astitit
2715 2092 2785 2146 et

378 2169 601 2233 lumen
636 2168 890 2233 refulsit
922 2170 988 2232 in
1042 2169 1444 2247 habitaculo,
1476 2189 1923 2253 percussoque
1973 2170 2177 2233 latere
2235 2170 2429 2245 Petri,
2459 2170 2786 2234 excitauit

378 2277 550 2334 eum,
583 2257 850 2320 dicens:
885 2255 1098 2339 Surge
1128 2256 1458 2320 velociter.
1553 2257 1645 2320 Et
1675 2258 2057 2320 ceciderunt
2086 2266 2323 2320 catene
2355 2258 2441 2320 de
2473 2257 2785 2320 manibus

380 2345 539 2408 eius,
632 2344 722 2405 Et
754 2344 930 2406 dixit
961 2343 1240 2426 angelus
1271 2344 1357 2406 ad
1388 2364 1542 2407 eum
1569 2367 1583 2407 t
1634 2344 2022 2427 Precingere
2068 2355 2136 2407 et
2166 2344 2394 2407 calcea
2438 2354 2506 2408 te
2536 2344 2787 2428 caligas

379 2441 545 2494 tuas,
637 2431 729 2493 Et
761 2430 915 2494 secit
945 2428 1065 2493 sic³
1119 2431 1277 2493 dicit
1332 2430 1459 2494 illi:
1507 2431 1866 2496 Circumda
1898 2431 2019 2495 tibi
2050 2432 2523 2494 vestimentum
2572 2440 2785 2508 tuum,

381 2530 449 2580 et
481 2537 756 2599 sequere
788 2537 912 2581 me.
1033 2517 1123 2580 Et
1168 2517 1403 2580 exiens
1447 2518 1849 2600 sequebatur
1899 2539 2072 2593 eum,
2125 2528 2194 2581 et
2246 2519 2582 2581 nesciebat
2630 2519 2788 2599 quia

383 2626 611 2669 verum
644 2614 763 2680 est,
794 2602 976 2686 quod
1008 2603 1211 2668 fiebat
1261 2626 1378 2688 per
1423 2605 1758 2688 angelum,
1789 2605 1905 2669 sed
1964 2604 2401 2669 existimabat
2453 2626 2523 2668 se
2571 2605 2788 2669 visum

383 2692 621 2755 videre.
713 2691 1168 2754 Transeuntes
1227 2703 1451 2755 autem
1514 2694 1798 2775 primam
1861 2702 1929 2755 et
1990 2693 2353 2755 secundam
2416 2693 2785 2756 custodiam

385 2788 709 2844 venerunt
740 2778 825 2841 ad
860 2790 1121 2861 portam
1159 2779 1470 2843 Ferream
1504 2799 1635 2861 que
1669 2780 1852 2842 ducit
1906 2779 1991 2841 ad
2046 2780 2389 2842 ciuitatem
2440 2799 2569 2860 que
2616 2778 2790 2843 vltro

386 2875 619 2950 aperta
692 2875 793 2928 est
867 2866 976 2928 eis.
1071 2866 1162 2928 Et
1235 2876 1561 2930 exeuntes
1636 2876 2100 2950 processerunt
2174 2867 2392 2929 vicum
2454 2887 2660 2929 vnum
2721 2875 2790 2929 et

384 2954 703 3017 continuo
752 2953 1053 3016 discessit
1104 2953 1381 3035 angelus
1440 2954 1528 3017 ab
1586 2974 1684 3017 eo,
1805 2954 1894 3017 Et
1953 2955 2186 3016 Petrus
2237 2953 2323 3015 ad
2373 2973 2443 3016 se
2494 2973 2793 3016 reuersus

388 3040 605 3103 dixit:
653 3040 850 3103 Nunc
912 3040 1049 3102 scio
1102 3061 1254 3103 vere
1300 3041 1480 3121 quod
1528 3041 1707 3104 misit
1752 3041 2066 3103 dominus
2113 3041 2427 3124 angelum
2484 3059 2675 3103 suum
2722 3050 2790 3103 et

384 3128 625 3209 eripuit
687 3148 793 3189 me
842 3128 926 3190 de
972 3147 1173 3189 manu
1227 3126 1535 3204 HerodiS‚
1565 3138 1632 3191 et
1682 3129 1767 3191 de
1819 3128 2001 3190 omni
2054 3128 2527 3210 expectatione
2581 3125 2795 3209 plebis

391 3214 764 3278 Iudeorum.
903 3213 1481 3295 Consideransque
1554 3216 1738 3278 venit
1797 3214 1884 3276 ad
1946 3215 2221 3277 domum
2288 3214 2503 3277 Marie
2564 3214 2794 3277 matris

393 3303 679 3378 IoanniS,
709 3301 820 3383 qui
853 3302 1367 3384 cognominatus
1398 3311 1499 3364 est
1527 3302 1814 3379 Marcus,
1834 3302 1943 3364 vbi
1975 3312 2167 3365 erant
2191 3300 2381 3364 multi
2407 3301 2793 3383 congregati

386 3400 455 3452 et
485 3399 766 3451 orantes,

513 3481 580 3550 (Ι
624 3475 749 3537 Ad
799 3475 1036 3538 laudes.
1139 3472 1536 3556 Antiplwna.
1632 3475 1820 3538 Misit
1873 3473 2187 3538 dominus
2235 3474 2548 3557 angeium
2599 3493 2792 3537 suum

384 3573 453 3627 et
484 3562 788 3625 liberauit
820 3582 928 3625 me
960 3563 1043 3624 de
1076 3582 1279 3625 manu
1315 3561 1625 3639 HerodiS,
1656 3561 1984 3626 halleluia.

988 3696 1055 3765 (I
1115 3690 1177 3752 A
1187 3691 1240 3752 d
1261 3702 1553 3773 vesperas
1579 3690 1861 3772 hymnus
1893 3700 1963 3753 vt
1987 3702 2207 3773 supra.

514 3802 910 3883 Antt'plzona.
988 3801 1192 3866 Solue
1226 3803 1494 3866 iubente
1541 3804 1669 3865 deo
1702 3814 2021 3867 terrarum
2059 3803 2251 3866 Petre
2283 3811 2571 3864 catenas,
2663 3798 2797 3883 Qui

388 3888 549 3952 sacis
580 3900 650 3953 vt
683 3899 960 3972 pateant
990 3889 1258 3953 celestia
1291 3910 1495 3973 regna
1526 3891 1754 3954 beatis,

825 4020 892 4089 (I
942 4013 1318 4096 Stephanus
1332 4025 1510 4096 papa
1530 4014 1857 4094 martyr.4'
1905 4013 2121 4077 Lectio
2153 4013 2362 4076 tertia.

396 4136 861 4269 STephanus
885 4139 1102 4220 patria
1137 4139 1484 4202 Romanus
1513 4138 1855 4202 Valeriani
1887 4147 1954 4201 et
2003 4137 2290 4202 Gallieni
2323 4138 2798 4219 imperatorum

538 4235 840 4307 tempore
872 4225 1160 4288 sommo⁵
1185 4225 1599 4307 pontificatui
1634 4226 1964 4308 prefectus
1990 4226 2295 4301 instituit,
2320 4233 2390 4287 vt
2422 4224 2803 4286 sacerdotes

395 4321 464 4373 et
510 4311 710 4374 leuite
758 4332 1086 4394 nusquam
1136 4313 1335 4375 sacris
1381 4313 1678 4376 vestibus
1724 4322 2083 4389 vterentur,
2114 4312 2238 4374 nisi
2294 4312 2360 4374 in
2412 4310 2691 4373 ecclesia
2735 4318 2803 4372 et

490 4457 507 4489 ¹
542 4457 608 4508 di.
645 4473 686 4510 1.
719 4460 776 4507 in
801 4475 866 4509 m.
1343 4457 1367 4489 ²
1398 4468 1453 4509 vt
1476 4462 1533 4509 in
1568 4461 1825 4509 communi
1842 4461 2202 4525 apostolorum:
2237 4470 2313 4522 39.
2344 4470 2423 4519 41.
2497 4458 2568 4522 [p.
2599 4457 2739 4521 375]

490 4523 512 4553 ³
545 4524 705 4575 sicut:
743 4524 821 4588 38.
895 4524 998 4574 Et:
1033 4525 1145 4575 add.
1175 4537 1254 4588 39.
1282 4534 1375 4575 etc.
1591 4524 1612 4555 ⁴
1643 4525 1727 4575 die
1750 4539 1795 4576 2.
1843 4528 1900 4575 in
1924 4543 1989 4576 m.
2224 4522 2245 4554 ⁸
2279 4539 2504 4575 summo:
2542 4521 2620 4587 38.
2648 4531 2742 4573 etc.
