3293 5225
290 443 430 493 Duc,
462 443 568 504 24]
931 441 1207 490 VIGILIA
1243 439 1349 489 ΝΑ
1363 441 1443 489 TI
1448 440 1620 490 VITA
1635 442 1753 490 TIS
1782 441 2082 491 DOMINI.
2608 441 2702 505 365

423 600 491 672 (Ι
555 594 801 677 Vthilt’a
833 594 1210 656 natiuitattk
1239 593 1495 656 domini
1517 594 1716 657 etiam
1746 595 1814 656 si
1838 593 2105 657 incidatl
2144 593 2425 657 sabbato
2469 605 2589 656 aut
2630 595 2700 657 in

292 682 621 746 dominica
653 681 791 763 .ἰίῂὶ
821 681 1145 744 aduentus
1170 692 1421 763 semper
1444 681 1675 762 agitur
1699 679 1973 762 qfficium
2004 682 2084 744 de
2110 681 2389 763 vzjgv'liafl

420 767 544 832 ³Et
569 766 835 831 dicitur³
864 768 962 830 ad
1005 767 1402 831 matutinum
1451 767 1926 832 inuitaton‘um.
2020 768 2243 832 Hodie
2275 769 2493 832 scietis
2545 769 2700 850 quia

285 858 511 921 veniet
540 857 852 920 dominus
882 865 949 918 et
981 875 1177 918 mane
1207 854 1516 918 videbitis
1545 855 1823 937 gloriam
1856 857 2014 919 eius,

420 942 732 1026 Hymnus
757 942 838 1005 de
864 943 925 1004 A
935 941 1176 1005 duentu
1207 941 1511 1005 videliset.
1603 941 1762 1004 Vox
1793 943 2173 1006 clamantis*
2200 952 2305 1006 etc.

422 1029 816 1112 Antiphona.
909 1028 1214 1093 Crastina
1245 1029 1352 1092 die
1383 1028 1710 1092 delebitur
1740 1029 2053 1110 iniquitas
2084 1039 2268 1106 terre,
2299 1040 2366 1093 et
2398 1030 2700 1113 regnabit

287 1137 488 1201 super
518 1138 641 1180 nos
670 1116 962 1179 saluator
993 1116 1224 1179 mundi
1256 1115 1581 1179 halleluia.
2360 1159 2361 1162 κ

814 1232 882 1304 (1
937 1227 1160 1290 Tertia
1191 1227 1368 1290 lectio
1396 1227 1743 1290 secundum
1775 1227 2169 1292 AWattleeum.

295 1339 561 1473 CUm
610 1361 753 1404 esse
798 1340 1201 1423 desponsata
1257 1350 1469 1402 mater
1527 1338 1704 1403 Iesu⁵
1762 1341 1976 1403 Maria
2037 1340 2275 1423 Ioseph
2337 1352 2695 1423 antequam

464 1428 913 1504 conuenirent,
945 1428 1217 1489 inuenta
1246 1436 1348 1489 est
1403 1427 1466 1489 in
1522 1436 1708 1489 vtero
1753 1426 2006 1490 habens
2055 1427 2138 1490 de
2169 1427 2398 1510 spiritu
2450 1438 2696 1492 sancto.

290 1514 383 1578 Et
415 1514 680 1596 reliqua.

1109 1618 1175 1687 (Ι
1219 1612 1521 1675 Homilia
1555 1613 1875 1695 Onjgenis.

446 1718 552 1784 Ue
615 1717 735 1780 fuit
796 1717 1154 1780 necessitas
1212 1727 1285 1779 vt
1345 1716 1718 1800 deponsata
1777 1728 1950 1780 esset
2010 1718 2225 1781 Maria
2282 1718 2521 1801 Ioseph
2573 1719 2696 1781 nisi

484 1814 831 1889 propterea
860 1814 1191 1886 quatenus
1222 1804 1346 1867 hoc
1378 1814 1865 1868 sacramentum
1892 1804 2159 1868 diabolo
2178 1805 2513 1869 celaretur.
2605 1806 2697 1870 Et

291 1892 399 1955 ille
433 1891 763 1974 malignus
796 1891 1043 1955 fraudis
1071 1901 1450 1954 commenta
1481 1891 1799 1954 aduersus
1846 1891 2316 1973 desponsatam
2370 1893 2691 1975 virginem

290 1979 472 2043 nulla
519 1979 783 2062 penitus
829 1976 1233 2042 inuenisset.⁶
1322 1977 1449 2041 Vel
1499 1978 1650 2046 ideo
1709 1978 2112 2061 desponsata
2174 1978 2385 2042 suerat
2447 1979 2696 2062 ioseph,

288 2076 362 2130 vt
411 2075 571 2130 nato
624 2065 859 2129 infanti
907 2065 1010 2129 vel
1064 2066 1186 2147 ipsi
1242 2065 1447 2128 marie
1499 2085 1725 2127 curam
1782 2065 2111 2128 videretur
2169 2087 2393 2148 gerere
2448 2067 2695 2149 ioseph,

285 2154 428 2218 siue
474 2155 540 2217 in
586 2162 909 2235 egyptum
959 2153 1117 2227 ienS,
1145 2151 1248 2214 vel
1293 2151 1446 2214 inde
1491 2151 1715 2215 denuo
1768 2152 2041 2226 redienS,
2076 2152 2239 2215 Ideo
2291 2153 2695 2236 desponsata

285 2240 409 2304 fuit
447 2240 706 2322 Ioseph,
737 2261 870 2303 non
904 2250 1128 2302 tamen
1161 2240 1229 2301 in
1260 2239 1798 2320 concupiscentia
1828 2240 2069 2302 iuncta.
2162 2239 2381 2303 Mater
2423 2240 2696 2322 (inquit)

283 2329 443 2404 eiuS,
533 2336 745 2391 mater
834 2325 1295 2389 immaculata:
1385 2335 1598 2387 mater
1672 2327 2067 2407 incorrupta,
2143 2336 2354 2390 mater
2428 2328 2694 2391 intacta.

292 2414 512 2477 Mater
541 2413 816 2495 (inquit)
845 2414 1002 2477 eius,
1094 2411 1298 2476 Cuius
1344 2413 1536 2475 eius?
1631 2412 1850 2475 Mater
1902 2412 2007 2475 dei
2061 2413 2383 2496 vnigeniti
2439 2414 2693 2477 domini

288 2510 356 2563 et
387 2502 560 2582 regis
589 2501 890 2564 omnium
919 2522 932 2561 ε
979 2499 1398 2581 plasmatoris
1428 2508 1495 2562 et
1519 2500 1831 2562 creatoris
1861 2508 2267 2564 cunctorum.
2365 2500 2550 2564 Illius
2579 2503 2692 2582 qui

285 2587 352 2650 in
372 2587 530 2651 celis
551 2597 653 2652 est
671 2588 813 2651 sine
839 2596 1066 2664 matre,
1088 2596 1155 2650 et
1180 2587 1245 2649 in
1273 2595 1442 2650 terra
1465 2596 1566 2650 est
1584 2586 1727 2649 sine
1751 2598 1954 2669 patre.
2050 2587 2264 2669 Ipsius
2294 2588 2407 2669 qui
2440 2588 2505 2651 in
2538 2588 2695 2652 celis

285 2674 648 2738 secundum
681 2675 1099 2737 diuinitatem
1135 2675 1199 2736 in
1233 2674 1378 2737 sinu
1411 2683 1511 2736 est
1542 2675 1765 2757 patriS,
1810 2682 1879 2737 et
1929 2675 1993 2736 in
2045 2672 2256 2737 terris⁷
2308 2675 2669 2739 secundum

285 2763 576 2844 corporis
599 2762 1085 2843 susceptionem
1114 2762 1178 2823 in
1204 2762 1350 2823 sinu
1375 2769 1478 2824 est
1510 2762 1755 2824 matris
1847 2759 1909 2824 O
1944 2781 2187 2843 magne
2236 2761 2693 2825 admirationis

281 2849 512 2930 gratia,
534 2869 577 2912 o
608 2847 1059 2911 inenarrabilis
1076 2849 1370 2910 suauitas
1390 2871 1402 2910 :
1422 2868 1464 2910 o
1489 2846 1821 2911 ineffabile
1846 2867 2298 2929 magnumque
2322 2869 2691 2912 sacramen-

283 2943 444 2999 tum.
526 2934 679 3019 Ipsa
701 2935 935 2998 eadem
957 2936 1160 3017 virg0,
1187 2936 1327 3017 ipsa
1351 2943 1419 2997 et
1439 2944 1657 2997 mater
1672 2934 1945 3011 domini,
1969 2936 2112 3017 ipsa
2130 2945 2197 2998 et
2220 2936 2529 3017 genitrix,
2550 2937 2693 3018 ipsa

284 3031 351 3085 et
382 3023 524 3086 eius
554 3022 792 3085 ancilla
818 3046 831 3085 :
878 3021 1233 3104 plasmatio
1263 3022 1404 3084 eius
1436 3022 1578 3104 ipsa
1624 3020 1781 3102 que⁸
1824 3022 2055 3104 genuit
2079 3026 2106 3082 ?
2197 3020 2366 3104 Quis
2395 3042 2688 3103 vnquam

284 3109 538 3172 audiuit
591 3110 762 3172 ista?
851 3110 998 3190 quis
1029 3108 1195 3172 vidit
1225 3109 1429 3171 talia?
1523 3109 1612 3171 Et
1658 3109 1806 3189 quis
1849 3108 1975 3171 hoc
2022 3110 2406 3191 excogitare
2459 3112 2693 3192 potuit,

283 3205 355 3259 vt
388 3206 599 3260 mater
628 3196 814 3278 virgo
843 3205 1051 3260 esset:
1098 3196 1346 3258 intacta
1394 3206 1739 3279 generaret
1792 3215 1921 3276 que
1973 3206 2040 3258 et
2090 3197 2279 3279 virgo
2330 3198 2691 3278 permansit

283 3291 350 3347 et
380 3284 767 3365 generauit?
857 3283 1046 3348 Sicut
1074 3283 1252 3346 enim
1308 3282 1645 3363 quondam
1704 3281 1904 3345 rubus
1955 3282 2252 3345 comburi
2306 3283 2691 3347 videbatur:

285 3380 351 3433 et
384 3371 555 3452 ignis
583 3390 735 3433 eum
771 3391 903 3433 non
935 3369 1272 3453 tangebat,
1316 3379 1384 3432 et
1437 3370 1604 3432 sicut
1659 3379 1791 3432 tres
1844 3369 2027 3451 pueri
2083 3370 2147 3431 in
2200 3370 2463 3432 camino
2520 3368 2689 3452 ignis

287 3457 517 3520 inclusi
566 3457 996 3532 habebantur,
1039 3467 1108 3520 et
1155 3466 1378 3519 tamen
1434 3477 1548 3520 eos
1601 3477 1734 3519 non
1787 3456 2050 3519 ledebat
2105 3456 2519 3519 incendium:
2567 3479 2687 3521 nec

285 3543 450 3607 odor
480 3543 642 3607 sumi
672 3554 815 3607 erat
847 3545 911 3607 in
945 3544 1054 3608 eis,
1144 3542 1268 3606 Vel
1317 3542 1884 3624 quemadmodum
1938 3543 2200 3606 Danieli
2251 3544 2421 3606 intra
2471 3544 2684 3607 lacum

288 3630 549 3694 leonum
614 3631 903 3694 incluso:
970 3632 1270 3694 claustris
1330 3651 1462 3692 non
1525 3630 1771 3712 apertis
1836 3629 2111 3692 allatum
2174 3639 2275 3693 est
2336 3631 2684 3713 prandium

290 3717 374 3780 ab
406 3716 774 3795 Abachuc,⁹
804 3720 895 3781 ita
927 3718 1047 3782 bec
1077 3718 1265 3799 virgo
1295 3726 1525 3780 sancta
1577 3718 1807 3798 genuit
1856 3716 2223 3793 dominum,
2272 3717 2388 3780 sed
2441 3718 2687 3781 intacta

288 3806 663 3887 permansit,
693 3806 925 3887 genuit
957 3805 1298 3881 infantem,
1326 3814 1396 3867 et
1424 3814 1496 3866 vt
1527 3803 1778 3866 dictum
1811 3813 1913 3866 est
1941 3805 2129 3885 virgo
2162 3807 2536 3886 permansit.

1142 3920 1210 3992 (1
1255 3914 1378 3978 Ad
1407 3915 1645 3979 laudes.

412 4015 808 4097 Antzjokona.
902 4014 1136 4078 Lauda
1166 4026 1234 4078 et
1266 4014 1467 4078 letare
1498 4014 1631 4077 filia
1667 4013 1867 4078 Sion:
1914 4015 2068 4095 quia
2110 4035 2262 4078 ecce
2315 4036 2441 4099 ego
2495 4020 2689 4081 venio

285 4113 349 4166 et
380 4102 696 4166 habitabo
728 4104 792 4165 in
828 4102 1050 4165 medio
1082 4103 1192 4165 tui.
1287 4101 1638 4165 Halleluia.

380 4236 396 4267 ¹
432 4240 519 4287 in:
551 4239 662 4287 add.
692 4250 770 4301 39.
799 4248 892 4288 etc.
1126 4234 1150 4266 ²
1180 4235 1233 4287 di
1279 4249 1355 4297 24.
1387 4238 1444 4285 in
1469 4254 1532 4286 m.
2007 4236 2116 4271 ²⁸—³
2146 4254 2239 4287 om.
2269 4251 2348 4301 39.
2375 4252 2454 4299 41.

379 4302 400 4333 ⁴
432 4304 726 4353 clomantis:
764 4302 841 4367 38.
904 4303 1068 4353 clara:
1106 4315 1183 4366 39.
1212 4315 1292 4363 41.
1365 4303 1498 4352 clara
1520 4318 1667 4352 ecce:
1703 4317 1782 4363 44.
1812 4315 1891 4365 49.
1922 4302 1999 4353 60.
2030 4302 2110 4351 61.
2138 4302 2216 4366 63.
2246 4302 2324 4363 64
2398 4305 2508 4365 [See
2528 4306 2690 4366 above,

286 4384 332 4434 p·
362 4370 564 4484 velius:
601 4432 679 4483 60.
1126 4430 1149 4463 ⁸
1179 4432 1452 4483 inueniret:
1489 4431 1568 4482 60.
2003 4432 2023 4463 ⁷
2057 4442 2184 4483 terra
2208 4452 2220 4483 ε
2258 4446 2334 4497 39.
2363 4447 2442 4495 41.
2472 4434 2550 4485 60.

377 4495 399 4529 ⁸
429 4515 609 4564 quem:
646 4512 723 4563 39.
751 4512 832 4561 41.
1125 4497 1147 4527 ⁹
1181 4499 1457 4548 Habacuc:
1495 4498 1571 4561 38.
