3293 5225
945 431 1187 480 SABBA
1203 431 1290 481 To
1304 445 1315 458 *
1343 431 1537 481 POST
1581 430 1797 481 DJEM
1846 430 2213 483 CJNERUM
2716 424 2782 489 87

900 641 968 711 (Ι
1010 635 1232 699 Tertia
1262 635 1437 698 lectio
1465 637 1812 699 secundum
1843 635 1937 698 M
1930 632 2261 701 altheum.¹

465 746 526 808 N
582 746 695 809 illo
749 756 1065 830 tempore,
1181 748 1377 811 Dixit
1432 749 1618 811 Iesus
1671 748 2013 830 discipulis
2073 748 2208 811 suis
2260 746 2564 809 Audistis
2625 745 2782 825 quia

489 833 740 897 dictum
774 845 877 898 est
906 836 1213 916 antiquiS,
1249 835 1506 917 Diliges
1538 837 1920 917 proximum
1953 843 2141 898 tuum
2187 843 2256 898 et
2301 834 2457 898 odio
2504 831 2782 895 habebis

381 920 721 984 inimicum
756 932 943 985 tuum
968 928 996 986 ?
1087 923 1178 985 Et
1218 922 1485 1004 reliqua.

1229 1065 1297 1136 (Ι
1326 1058 1629 1122 Homilia
1659 1059 1955 1141 ortgrents,

389 1167 640 1300 Slcut
693 1168 806 1232 illa
851 1169 980 1233 alia
1024 1180 1338 1253 precepta
1385 1169 1543 1233 data
1591 1172 1685 1233 eis
1733 1170 1993 1234 fuerant
2045 1171 2110 1233 in
2165 1170 2330 1250 lege,
2382 1170 2476 1232 sic
2529 1178 2595 1232 et
2645 1168 2790 1232 hoc.

519 1255 708 1320 Sicut
766 1259 945 1321 enim
1022 1255 1135 1320 ad⁵⁸
1196 1257 1631 1320 dimittendas
1690 1277 1933 1321 vxores
1994 1259 2241 1321 iussum
2289 1257 2501 1320 suerat
2546 1266 2617 1319 vt
2677 1274 2791 1318 eas

385 1363 519 1406 non
552 1342 994 1407 interficerent
1022 1345 1116 1406 sic
1165 1354 1233 1408 et
1277 1344 1363 1407 ad
1411 1344 1772 1408 odiendum
1821 1346 2156 1407 inimicum
2209 1344 2599 1407 mandatum
2657 1341 2798 1419 fuit,

381 1438 456 1493 vt
487 1438 556 1494 et
584 1432 874 1495 amicum
908 1451 1040 1494 non
1072 1429 1414 1495 odissent⁸
1503 1431 1838 1496 Concessa
1881 1441 2039 1495 sunt
2089 1443 2313 1494 autern
2365 1432 2491 1493 ista
2544 1430 2794 1512 populo

389 1517 481 1580 illi
526 1519 730 1581 veteri
777 1517 994 1580 adhuc
1026 1518 1172 1581 rudi
1222 1529 1290 1582 et
1343 1517 1641 1581 infirmo:
1689 1539 2073 1601 quanquam
2128 1520 2432 1600 inimicus
2479 1518 2592 1598 qui
2639 1516 2796 1579 odio

387 1603 737 1667 habendus
783 1604 1024 1668 dicitur
1068 1607 1259 1668 iuxta
1300 1605 1713 1669 subtiliorem
1763 1605 2175 1669 intellectum
2225 1604 2530 1668 diabolus
2586 1604 2797 1685 possit

388 1690 683 1773 intelligi.
820 1691 1131 1756 Ceterum
1206 1694 1273 1755 in
1350 1693 1704 1775 euangelio
1792 1693 1971 1775 quod
2047 1693 2196 1776 lege
2282 1691 2513 1755 veteri*
2601 1691 2800 1773 longe

389 1777 826 1842 excellentius
878 1790 946 1843 et
978 1779 1329 1861 perfectius
1373 1790 1513 1844 est:
1581 1779 1743 1861 quid
1793 1782 2109 1862 magister
2155 1778 2576 1862 perfectionis
2621 1778 2802 1840 dicat

390 1864 759 1930 audiamus,
872 1866 994 1930 Ait
1046 1868 1224 1930 enim
1274 1865 1618 1948 discipulis
1664 1868 1840 1931 suis:
1888 1865 2140 1949 Dilige⁵
2173 1867 2477 1929 inimicos
2507 1874 2801 1928 vestros:

392 1951 766 2016 benedicite
799 1952 1349 2017 maledicentibus
1378 1954 1606 2017 vobis:
1655 1962 1724 2016 et
1776 1953 2147 2018 benedicite
2196 1954 2299 2016 his
2351 1954 2465 2034 qui
2518 1951 2804 2014 oderunt

393 2060 513 2102 vos
541 2062 555 2102 ε
601 2050 670 2102 et
704 2052 890 2105 orate
918 2061 1040 2123 pro
1073 2041 1623 2123 persequentibus
1669 2061 1806 2105 vos,
1897 2040 2280 2105 Secundum
2316 2040 2534 2121 legem
2567 2040 2803 2120 diliges

396 2129 779 2208 proximum
857 2137 1045 2190 tuum
1122 2136 1188 2190 et
1262 2127 1447 2190 odies
1523 2129 1865 2191 inimicum
1943 2138 2150 2192 tuum,
2271 2128 2361 2190 Et
2437 2125 2804 2189 secundum
2889 2166 2897 2175 ·

394 2214 820 2295 euangelium
855 2216 1194 2277 inimicum
1240 2226 1308 2279 et
1363 2217 1747 2296 proximum
1803 2215 2058 2298 diliges,
2170 2214 2449 2297 Diligite
2504 2214 2808 2276 inimicos

395 2309 669 2365 vestros,
853 2301 1433 2384 Imperfectionem
1545 2302 1761 2383 legis:
1882 2303 2304 2385 euangelium
2397 2299 2808 2381 adimpleuit,

403 2387 871 2452 Infirmitatem
948 2408 1176 2451 eorum
1239 2390 1354 2470 qui
1416 2389 1541 2451 sub
1589 2389 2065 2452 circuncisione
2111 2399 2350 2452 erant:
2398 2388 2465 2451 hi
2520 2387 2635 2469 qui
2681 2387 2806 2449 sub

395 2476 608 2558 gratia
683 2474 948 2538 fuerunt
1022 2475 1624 2539 confirmauerunt:
1705 2476 1945 2558 quibus
2019 2475 2202 2540 velut
2280 2475 2673 2538 firmissimis
2740 2481 2811 2537 et

394 2559 726 2646 perfectis⁶
755 2563 909 2626 viris
938 2585 951 2627 :
984 2562 1293 2626 dominus
1325 2561 1453 2627 hoc
1478 2563 1844 2628 mandabat
1873 2564 2118 2629 dicens,
2212 2562 2489 2645 Diligite
2511 2562 2811 2625 inim'cos

397 2659 690 2713 vestros:
736 2671 856 2713 vos
905 2652 1253 2726 mansueti,
1284 2671 1404 2713 vos
1457 2653 1671 2728 miteS,
1701 2671 1819 2713 vos
1873 2651 2162 2734 benigni,
2212 2671 2329 2713 vos
2380 2652 2668 2712 immacu
2699 2650 2812 2725 ati,

396 2757 515 2801 vos
569 2738 933 2801 imitatores
983 2739 1128 2802 mei.
1242 2738 1385 2801 Vos
1441 2758 1549 2800 me
1603 2747 1994 2820 sequentes:
2040 2758 2159 2800 vos
2207 2738 2464 2821 diligite
2510 2737 2813 2800 inimicos

400 2834 674 2901 vestrOS,
704 2826 846 2888 siue
880 2844 1199 2907 paganOS.
1232 2825 1561 2888 idolorum
1593 2826 1882 2888 cultores
1924 2827 2067 2888 siue
2113 2825 2439 2887 hereticos
2496 2823 2812 2888 infideles,

402 2911 521 2975 Isti
554 2913 731 2975 enim
764 2921 920 2974 sunt
952 2912 1198 2974 inimici
1230 2913 1470 2975 vestri:
1518 2914 1625 2976 isti
1657 2923 1814 2976 sunt
1843 2913 2137 2976 veritatis
2168 2908 2573 2992 aduersarij.⁷

1493 3048 1740 3115 Oratio,

412 3162 545 3291 IN
553 3161 793 3224 choata
827 3161 1069 3223 ieiunia
1099 3179 1465 3243 quesumus
1497 3161 1767 3224 domine
1799 3160 2092 3244 benigno
2119 3159 2344 3224 fauore
2377 3179 2773 3242 prosequere
2799 3184 2813 3223 ι

509 3258 580 3311 vt
609 3245 1078 3323 obseruantia‚⁸
1108 3268 1308 3329 quam
1344 3249 1771 3330 corporaliter
1794 3249 2209 3324 exhibemuS,
2244 3247 2577 3311 inentibus
2609 3248 2811 3309 etiam

399 3337 693 3418 synceris
724 3355 1034 3398 exercere
1065 3337 1423 3399 valeamus,
1517 3336 1657 3401 Per,
1690 3346 1811 3399 etc,

524 3453 592 3524 (Ι
636 3447 1132 3510 Aduertendum
1162 3448 1341 3528 quod
1364 3447 1434 3509 in
1478 3446 1602 3510 hac
1629 3446 1835 3510 ”sexta
1864 3446 2080 3529 feria⁹
2125 3447 2372 3511 dicitur
2416 3444 2813 3509 matutinum

395 3556 540 3598 cum
569 3535 711 3597 suis
737 3533 1092 3596 laudibus10
1105 3546 1231 3616 pro
1260 3533 1599 3614 defuncttk,

549 3652 617 3722 (Ι
652 3646 934 3710 sabbato
955 3656 1104 3727 post
1130 3646 1301 3708 diem
1340 3645 1397 3710 C
1392 3646 1646 3708 ineram
1678 3667 1758 3708 ex
1790 3646 1851 3710 G
1852 3644 2087 3711 enesi,¹¹
2178 3646 2392 3709 Lectio
2410 3645 2654 3727 prima.

410 3756 828 3908 Clgqnaan
893 3768 1116 3821 autem
1178 3758 1413 3839 genuit
1468 3756 1794 3822 Sidonem
2001 3768 2236 3843 gentes
2297 3759 2362 3821 in
2428 3768 2602 3820 terra
2663 3765 2816 3839 post

610 3865 904 3908 iunium.

965 3987 1033 4057 (Ι
1070 3980 1438 4045 Secundum
1469 3981 1851 4047 Ioannem.12
1908 3982 2124 4047 Lectio
2154 3984 2238 4066 .ῂῖ

417 4096 716 4225 AMen
777 4114 973 4158 amen
1022 4094 1174 4157 dico
1219 4094 1409 4157 vobis
1469 4095 1582 4176 qui
1630 4115 1764 4157 non
1814 4096 2019 4159 intrat
2224 4103 2449 4179 potest
2510 4113 2818 4158 cecorum

581 4182 810 4246 oculos
840 4181 1093 4264 aperire
1117 4187 1144 4243 P

502 4304 519 4336 ¹
553 4321 664 4371 cap.
695 4316 738 4368 5.
770 4305 827 4353 in
853 4321 917 4353 m.
1358 4301 1381 4333 ²
1414 4304 1500 4353 in:
1537 4316 1616 4366 43.
2198 4302 2219 4335 ⁸
2251 4304 2571 4354 obedissent:
2607 4303 2688 4352 66.

503 4370 524 4400 ⁴
556 4382 637 4421 et:
673 4372 784 4419 add.
816 4383 894 4433 39.
1356 4367 1378 4399 ⁸
1411 4370 1652 4434 Diligite:
1689 4369 1769 4434 38.
1797 4380 1891 4420 etc.
2199 4367 2222 4400 ⁸
2255 4370 2491 4434 perfecti:
2528 4369 2606 4431 63.

503 4436 525 4468 ⁷
560 4437 836 4511 Miserere3
843 4447 921 4498 50.
947 4436 1058 4483 add
1088 4434 1167 4497 63.
1357 4432 1380 4465 ⁸
1410 4436 1812 4487 obseruantiam:
1850 4449 1928 4500 39.
1957 4446 2050 4486 etc.
2208 4432 2317 4471 ⁹—⁹
2342 4435 2480 4495 seria
2503 4441 2671 4482 sexta:
2710 4432 2790 4482 60.

505 4499 545 4533 ¹⁰
575 4510 622 4551 et
643 4509 891 4565 vesperus:
924 4502 1036 4549 add,
1063 4499 1145 4549 66.
1361 4498 1395 4529 ¹¹
1435 4501 1506 4562 [x.
1542 4502 1745 4565 15-32,]
2104 4498 2147 4531 ¹²
2178 4502 2265 4551 Ca.
2303 4512 2377 4549 10,
2402 4500 2463 4547 in
2489 4516 2555 4550 m,
2578 4501 2649 4562 [x.
2676 4511 2815 4548 1-21,
