3293 5225
498 449 563 512 98
816 451 1045 500 FERIA
1106 450 1211 499 Ill.
1277 450 1718 500 DOMJNJCAE
1772 451 1849 500 II.
1917 445 2590 512 QUADRAGESIMAE.

962 665 1028 734 (Ι
1060 659 1256 722 Feria
1288 659 1481 721 tertia
1510 680 1588 721 ex
1621 657 1891 724 Genesi}
1983 659 2193 722 Lectio
2209 659 2453 740 prima.

517 772 957 902 POstquam
990 792 1146 835 vero
1179 772 1547 853 nonaginta
1578 782 1646 835 et
1678 791 1922 834 nouem
2071 781 2342 854 pactum
2394 792 2613 835 meum
2663 773 2916 835 irritum

651 860 822 923 fecit.

1080 1001 1146 1070 (Ι
1181 995 1550 1059 Secundum
1581 994 1936 1059 Ioannem.2
2026 995 2238 1059 Lectio
2270 997 2354 1078 js.
2457 985 2465 992 ⁶

517 1107 912 1260 Dlgiiltglgis
935 1107 1281 1258 {gilippus
1318 1132 1331 1171 ε
1367 1107 1660 1171 Domine
1691 1107 1970 1171 ostende
2004 1110 2196 1171 nobis
2244 1120 2501 1191 patrem
2654 1109 2921 1192 Surgite

1041 1337 1107 1406 (Ι
1149 1331 1371 1394 Tertia
1399 1331 1576 1394 lectio
1604 1331 1951 1394 secundum
1983 1331 2076 1393 M
2069 1331 2403 1395 altheum.⁴

517 1446 649 1575 IN
685 1445 800 1508 illo
832 1456 1130 1545 tempore
1166 1467 1180 1507 ε
1216 1444 1513 1506 Locutus
1544 1452 1646 1505 est
1685 1443 1871 1506 Iesus
1903 1443 1988 1506 ad
2037 1445 2282 1544 turbaS,
2316 1453 2383 1507 et
2428 1444 2514 1507 ad
2562 1444 2921 1545 discipulos

613 1553 769 1595 suos
831 1534 1059 1596 dicens
1098 1554 1111 1593 ε
1148 1530 1363 1612 Super
1420 1530 1809 1593 cathedram
1877 1531 2099 1612 Moy51
2175 1532 2492 1594 sederunt
2567 1533 2779 1595 scribe
2854 1543 2922 1595 et

504 1620 803 1702 pharisei.
900 1620 989 1681 Et
1024 1619 1292 1701 reliqua.

1041 1754 1343 1817 Homilia
1371 1754 1587 1816 sancti
1608 1754 1686 1816 H
1687 1754 2004 1836 ieronymi
2012 1754 2384 1838 presbyten.

652 1870 787 1932 Vid
867 1867 1293 1942 mansuetiuS,
1382 1866 1539 1947 quid
1632 1867 1984 1948 benignius
2075 1869 2366 1931 domino,
2487 1868 2815 1932 Tentatur
2881 1888 2921 1930 a

683 1956 1019 2038 pharisei5‚
1109 1953 1615 2035 confringuntur
1722 1952 1957 2016 insidie
2045 1975 2295 2028 eorum,
2381 1965 2449 2018 et
2554 1956 2916 2019 secundum

506 2044 922 2126 psalmistam
960 2066 973 2104 :
1010 2041 1268 2123 Sagitte
1312 2040 1737 2123 paruulorum
1800 2041 1973 2103 facte
2033 2039 2189 2104 sunt
2250 2041 2446 2126 plage
2490 2063 2737 2105 eorum.
2830 2043 2921 2105 Et

508 2130 934 2193 nihilominus
966 2140 1237 2211 propter
1268 2127 1737 2191 sacerdotium⁵
1770 2137 1836 2190 et
1871 2129 2159 2191 nominis
2191 2129 2587 2210 dignitatem
2619 2129 2924 2192 hortatur

509 2215 834 2301 popuIOS,⁶
866 2225 937 2279 vt
969 2215 1401 2296 subijciantur
1432 2215 1543 2289 εἰς,
1578 2235 1707 2276 non
1744 2236 1946 2297 opera
1993 2216 2109 2278 sed
2156 2214 2556 2279 doctrinam⁷
2586 2216 2919 2279 consider-

511 2315 717 2369 antes,
814 2303 1013 2386 Quod
1047 2312 1271 2365 autem
1306 2303 1400 2364 ait
1432 2322 1630 2383 super
1662 2302 2049 2365 cathedram
2104 2303 2300 2365 Moisi
2348 2307 2663 2367 sederunt
2709 2304 2920 2366 scribe

508 2407 576 2455 et
610 2392 908 2474 pharisei.
1004 2391 1127 2452 Per
1155 2389 1560 2463 cathedram,
1591 2390 1964 2452 doctrinam
2014 2391 2177 2472 legis
2225 2390 2533 2453 ostendit.
2629 2391 2810 2470 Ergo
2855 2401 2922 2453 et

509 2478 670 2542 illud
703 2477 883 2560 quod
917 2476 1156 2539 dicitur
1186 2478 1251 2537 in
1287 2478 1562 2559 psalmo.
1661 2476 1738 2538 In
1772 2477 2088 2539 cathedra
2132 2477 2506 2559 pestilentie
2553 2498 2684 2540 non
2733 2478 2925 2554 sedit,

508 2576 575 2631 et
607 2564 956 2629 cathedras
988 2563 1418 2627 vendentium
1451 2562 1796 2626 columbas
1831 2565 2068 2628 euertit
2105 2587 2116 2627 :
2149 2566 2351 2628 etiam
2387 2586 2504 2647 per
2533 2565 2919 2629 cathedram

511 2655 882 2718 doctrinam
932 2653 1252 2715 debemus
1301 2653 1613 2733 accipere.
1709 2651 2012 2732 Alligant
2059 2662 2284 2715 autem
2332 2674 2534 2715 onera
2580 2655 2808 2734 grauia
2856 2662 2923 2715 et

513 2740 977 2823 importabilia,
1009 2748 1076 2801 et
1108 2741 1461 2820 imponunt
1493 2759 1571 2800 ea
1604 2739 1666 2800 in
1702 2738 2015 2801 humeros
2046 2739 2409 2816 hominum,
2441 2741 2651 2821 digito
2697 2750 2920 2803 autem

511 2849 632 2892 suo
709 2828 942 2890 nolunt
1020 2846 1099 2888 ea
1168 2845 1449 2888 mouere.
1590 2826 1740 2887 Hoc
1817 2825 2213 2908 generaliter
2284 2827 2600 2890 aduersus
2691 2848 2924 2890 omnes

513 2917 866 2997 magistros
898 2913 1151 2977 dictum
1184 2924 1302 2989 est,
1333 2913 1444 2993 qui
1478 2910 1785 2993 grandia8
1816 2913 2044 2975 iubent
2075 2923 2141 2975 et
2175 2915 2430 2977 minora
2461 2934 2592 2976 non
2628 2914 2880 2977 faciunt
2911 2936 2923 2977 :

513 3001 882 3066 notandum
938 3009 1162 3063 autem
1217 3001 1397 3081 quod
1458 2999 1713 3061 humeri
1764 3010 1830 3061 et
1892 3000 2081 3082 digiti
2143 3012 2209 3063 et
2271 3023 2474 3064 onera
2534 3011 2602 3064 et
2662 3001 2925 3064 vincula

512 3091 752 3172 quibus
799 3088 1156 3170 alligantur
1198 3108 1417 3158 onera,
1466 3087 1890 3168 spiritualiter
1936 3086 2370 3171 intelligenda
2414 3097 2585 3152 sunt.
2678 3087 2926 3152 Omnia

513 3198 668 3240 vero
700 3197 820 3239 sua
851 3194 1053 3258 opera
1083 3174 1333 3237 faciunt
1369 3198 1382 3236 :
1414 3183 1484 3236 vt
1515 3173 1867 3236 videantur
1912 3174 1996 3236 ab
2042 3175 2436 3238 hominibus
2529 3174 2928 3258 Quicunque

517 3265 717 3413 igtitulr
766 3265 857 3362 ita
907 3262 1063 3387 facit
1109 3260 1453 3342 quodlibet
1498 3271 1570 3323 vt
1617 3261 1922 3323 videatur
1967 3262 2054 3323 ab
2098 3262 2482 3325 hominibus
2517 3263 2779 3325 :scriba
2825 3273 2925 3325 est

521 3373 557 3414 c
620 3373 663 3433 p
714 3370 983 3413 ariseuS.

1606 3483 1851 3548 Oratio,

535 3599 986 3730 PRopitiare
1060 3597 1330 3659 domine
1414 3597 2009 3677 supplicationibus
2093 3600 2334 3661 nostris
2411 3608 2476 3661 et
2553 3598 2923 3660 animarum

671 3697 1041 3750 nostrarum
1078 3684 1341 3747 medere
1373 3683 1821 3766 languoribuS,
1852 3696 1922 3747 vt
1956 3687 2339 3748 remissione
2371 3695 2681 3767 percepta
2714 3686 2778 3746 in
2813 3694 2929 3747 tua

522 3795 784 3856 semper
816 3772 1280 3837 benedictione
1314 3770 1594 3833 letemur
1622 3795 1636 3835 ε
1689 3772 1826 3835 Per.

539 4022 818 4152 DIxjt
891 4041 1159 4121 quoque
1237 4019 1421 4082 Deus
1496 4020 1581 4082 ad
1658 4020 2005 4083 Abraham
2242 4021 2611 4105 alienigene
2687 4023 2931 4103 pariter

704 4129 1044 4172 circunciffl
1078 4117 1249 4169 sunt.

620 4245 636 4276 ¹
674 4247 763 4297 Ca.
798 4257 854 4307 17
880 4246 937 4293 in
962 4262 1026 4293 m.
1056 4244 1192 4305 [xvii.
1223 4245 1388 4304 1-14.]
1826 4242 1848 4274 ²
1880 4244 1998 4304 [xiv.
2027 4243 2200 4321 8-3.1.]

622 4311 644 4341 ²
678 4311 856 4362 Dixit:
895 4310 972 4372 38.
1001 4310 1079 4359 60.
1109 4309 1187 4371 63.
1217 4309 1296 4370 64.
1326 4309 1404 4358 66.
1825 4308 1846 4339 ⁴
1879 4311 1968 4359 Ca.
2000 4323 2077 4372 23.
2108 4328 2166 4359 m
2190 4328 2254 4359 m.

624 4376 644 4406 ⁵
677 4375 970 4440 sacerdotij:
1008 4375 1085 4438 63.
1116 4375 1194 4424 66.
1826 4372 1848 4403 ⁶
1881 4378 2127 4440 populus:
2167 4375 2243 4438 38.

624 4441 645 4474 ⁷
678 4442 936 4493 doctrina:
974 4440 1057 4503 38.
1829 4438 1851 4469 ⁸
1939 4441 2083 4490 auia:
2121 4441 2200 4504 63.
2241 4440 2319 4490 66.

622 4505 646 4537 ⁹
682 4508 935 4557 Miserere.
967 4517 1042 4570 50.
1072 4507 1181 4555 add.
1211 4505 1290 4568 63.
1810 4502 1849 4535 ¹⁰
1903 4506 2018 4555 xvii.
2053 4507 2252 4570 15-27.]
