<?xml version="1.0" encoding="UTF-8"?>
<!DOCTYPE html PUBLIC "-//W3C//DTD XHTML 1.0 Transitional//EN"
    "http://www.w3.org/TR/xhtml1/DTD/xhtml1-transitional.dtd">
<html xmlns="http://www.w3.org/1999/xhtml" xml:lang="en" lang="en">
 <head>
  <title>
</title>
<meta http-equiv="Content-Type" content="text/html;charset=utf-8" />
  <meta name='ocr-system' content='tesseract 3.04.00' />
  <meta name='ocr-capabilities' content='ocr_page ocr_carea ocr_par ocr_line ocrx_word'/>
</head>
<body>
  <div class='ocr_page' id='page_1' title='image "./secondrecension00legggoog_0437.png"; bbox 0 0 3293 5225; ppageno 0'>
   <div class='ocr_carea' id='block_1_1' title="bbox 321 443 2729 510">
    <p class='ocr_par' dir='ltr' id='par_1_1' title="bbox 321 443 2729 510">
     <span class='ocr_line' id='line_1_1' title="bbox 321 443 2729 510; baseline -0.002 -13"><span class='ocrx_word' id='word_1_1' title='bbox 321 448 459 497; x_wconf 65' lang='lat' dir='ltr'><strong>Duc.</strong></span> <span class='ocrx_word' id='word_1_2' title='bbox 495 446 597 510; x_wconf 88' lang='lat'><strong>13.]</strong></span> <span class='ocrx_word' id='word_1_3' title='bbox 1110 444 1162 492; x_wconf 79' lang='lat' dir='ltr'><strong>S,</strong></span> <span class='ocrx_word' id='word_1_4' title='bbox 1201 443 1599 495; x_wconf 82' lang='lat' dir='ltr'><em>DAMASUS:</em></span> <span class='ocrx_word' id='word_1_5' title='bbox 1632 445 1686 494; x_wconf 79' lang='lat' dir='ltr'><strong>s,</strong></span> <span class='ocrx_word' id='word_1_6' title='bbox 1726 443 1973 495; x_wconf 80' lang='lat' dir='ltr'><strong>LUCIA.</strong></span> <span class='ocrx_word' id='word_1_7' title='bbox 2218 461 2223 466; x_wconf 93' lang='lat'><em>·</em></span> <span class='ocrx_word' id='word_1_8' title='bbox 2634 444 2729 507; x_wconf 82' lang='lat'><strong>3⁶3</strong></span> 
     </span>
    </p>
   </div>
   <div class='ocr_carea' id='block_1_2' title="bbox 801 647 2294 731">
    <p class='ocr_par' dir='ltr' id='par_1_2' title="bbox 801 647 2294 731">
     <span class='ocr_line' id='line_1_2' title="bbox 801 647 2294 731; baseline 0.001 -20"><span class='ocrx_word' id='word_1_9' title='bbox 801 653 869 725; x_wconf 66' lang='grc' dir='ltr'><strong>(Ι</strong></span> <span class='ocrx_word' id='word_1_10' title='bbox 914 647 1252 711; x_wconf 85' lang='lat' dir='ltr'><em>Damasus</em></span> <span class='ocrx_word' id='word_1_11' title='bbox 1266 659 1447 730; x_wconf 85' lang='lat' dir='ltr'><strong>papa</strong></span> <span class='ocrx_word' id='word_1_12' title='bbox 1491 649 1822 728; x_wconf 69' lang='lat' dir='ltr'><strong>confhssor.</strong></span> <span class='ocrx_word' id='word_1_13' title='bbox 1914 648 2128 713; x_wconf 83' lang='lat' dir='ltr'><em>Lectio</em></span> <span class='ocrx_word' id='word_1_14' title='bbox 2159 647 2294 731; x_wconf 61' lang='lat'><strong>,23721</strong></span> 
     </span>
    </p>
   </div>
   <div class='ocr_carea' id='block_1_3' title="bbox 325 760 2736 2583">
    <p class='ocr_par' dir='ltr' id='par_1_3' title="bbox 325 760 2736 2583">
     <span class='ocr_line' id='line_1_3' title="bbox 344 760 2730 893; baseline -0.001 -67"><span class='ocrx_word' id='word_1_15' title='bbox 344 762 776 893; x_wconf 88' lang='lat' dir='ltr'><strong>DAmasus</strong></span> <span class='ocrx_word' id='word_1_16' title='bbox 852 781 1026 844; x_wconf 92' lang='lat' dir='ltr'><strong>papa</strong></span> <span class='ocrx_word' id='word_1_17' title='bbox 1080 761 1351 823; x_wconf 89' lang='lat' dir='ltr'><strong>natione</strong></span> <span class='ocrx_word' id='word_1_18' title='bbox 1424 760 1788 844; x_wconf 78' lang='lat' dir='ltr'><strong>HispanuS,</strong></span> <span class='ocrx_word' id='word_1_19' title='bbox 1851 761 1964 842; x_wconf 90' lang='lat' dir='ltr'><strong>qui</strong></span> <span class='ocrx_word' id='word_1_20' title='bbox 2024 761 2260 825; x_wconf 93' lang='lat' dir='ltr'><strong>Iuliani</strong></span> <span class='ocrx_word' id='word_1_21' title='bbox 2315 761 2730 845; x_wconf 90' lang='lat' dir='ltr'><strong>imperatoris</strong></span> 
     </span>
     <span class='ocr_line' id='line_1_4' title="bbox 534 846 2724 931; baseline -0 -19"><span class='ocrx_word' id='word_1_22' title='bbox 534 858 836 931; x_wconf 90' lang='lat' dir='ltr'><strong>tempore</strong></span> <span class='ocrx_word' id='word_1_23' title='bbox 896 847 1137 930; x_wconf 86' lang='lat' dir='ltr'>prefuit</span> <span class='ocrx_word' id='word_1_24' title='bbox 1223 846 1514 924; x_wconf 87' lang='lat' dir='ltr'><strong>ecclesie,</strong></span> <span class='ocrx_word' id='word_1_25' title='bbox 1592 849 1658 911; x_wconf 91' lang='lat' dir='ltr'><strong>in</strong></span> <span class='ocrx_word' id='word_1_26' title='bbox 1736 848 2003 931; x_wconf 93' lang='lat' dir='ltr'><strong>publico</strong></span> <span class='ocrx_word' id='word_1_27' title='bbox 2080 849 2361 912; x_wconf 87' lang='lat' dir='ltr'><strong>concilio</strong></span> <span class='ocrx_word' id='word_1_28' title='bbox 2422 847 2724 930; x_wconf 92' lang='lat' dir='ltr'><strong>adulterij</strong></span> 
     </span>
     <span class='ocr_line' id='line_1_5' title="bbox 325 934 2731 1016; baseline 0 -17"><span class='ocrx_word' id='word_1_29' title='bbox 325 956 595 1000; x_wconf 89' lang='lat' dir='ltr'><strong>causam</strong></span> <span class='ocrx_word' id='word_1_30' title='bbox 670 935 861 1009; x_wconf 86' lang='lat' dir='ltr'>dixit,</span> <span class='ocrx_word' id='word_1_31' title='bbox 923 944 991 998; x_wconf 96' lang='lat' dir='ltr'><strong>et</strong></span> <span class='ocrx_word' id='word_1_32' title='bbox 1051 936 1369 998; x_wconf 84' lang='lat' dir='ltr'><strong>innocens</strong></span> <span class='ocrx_word' id='word_1_33' title='bbox 1426 934 1773 999; x_wconf 92' lang='lat' dir='ltr'><strong>absolutus</strong></span> <span class='ocrx_word' id='word_1_34' title='bbox 1845 944 1961 1000; x_wconf 91' lang='lat' dir='ltr'><strong>est.</strong></span> <span class='ocrx_word' id='word_1_35' title='bbox 2095 934 2470 1000; x_wconf 91' lang='lat' dir='ltr'><strong>Concordio</strong></span> <span class='ocrx_word' id='word_1_36' title='bbox 2528 945 2731 1016; x_wconf 91' lang='lat' dir='ltr'><strong>atque</strong></span> 
     </span>
     <span class='ocr_line' id='line_1_6' title="bbox 326 1021 2730 1104; baseline -0.001 -17"><span class='ocrx_word' id='word_1_37' title='bbox 326 1023 605 1088; x_wconf 87' lang='lat' dir='ltr'>Callisto</span> <span class='ocrx_word' id='word_1_38' title='bbox 664 1022 962 1085; x_wconf 90' lang='lat' dir='ltr'><strong>diaconis</strong></span> <span class='ocrx_word' id='word_1_39' title='bbox 1034 1021 1526 1085; x_wconf 90' lang='lat' dir='ltr'><strong>accusatoribus</strong></span> <span class='ocrx_word' id='word_1_40' title='bbox 1598 1022 1952 1098; x_wconf 81' lang='lat' dir='ltr'><strong>damnatiS,</strong></span> <span class='ocrx_word' id='word_1_41' title='bbox 2009 1024 2124 1104; x_wconf 93' lang='lat' dir='ltr'><strong>qui</strong></span> <span class='ocrx_word' id='word_1_42' title='bbox 2183 1022 2421 1086; x_wconf 88' lang='lat' dir='ltr'><strong>falsum</strong></span> <span class='ocrx_word' id='word_1_43' title='bbox 2482 1023 2730 1085; x_wconf 87' lang='lat' dir='ltr'><strong>crimen</strong></span> 
     </span>
     <span class='ocr_line' id='line_1_7' title="bbox 331 1108 2732 1191; baseline -0.001 -17"><span class='ocrx_word' id='word_1_44' title='bbox 331 1110 725 1186; x_wconf 86' lang='lat' dir='ltr'><strong>detulerant,</strong></span> <span class='ocrx_word' id='word_1_45' title='bbox 756 1109 1022 1190; x_wconf 92' lang='lat' dir='ltr'><strong>lataque</strong></span> <span class='ocrx_word' id='word_1_46' title='bbox 1055 1108 1221 1191; x_wconf 89' lang='lat' dir='ltr'><strong>lege,</strong></span> <span class='ocrx_word' id='word_1_47' title='bbox 1250 1119 1322 1171; x_wconf 86' lang='lat' dir='ltr'><strong>vt</strong></span> <span class='ocrx_word' id='word_1_48' title='bbox 1353 1110 1418 1171; x_wconf 91' lang='lat' dir='ltr'><strong>in</strong></span> <span class='ocrx_word' id='word_1_49' title='bbox 1469 1118 1805 1191; x_wconf 89' lang='lat' dir='ltr'><strong>posterum</strong></span> <span class='ocrx_word' id='word_1_50' title='bbox 1862 1109 2008 1172; x_wconf 89' lang='lat' dir='ltr'><strong>falsi</strong></span> <span class='ocrx_word' id='word_1_51' title='bbox 2058 1110 2350 1173; x_wconf 83' lang='lat' dir='ltr'><strong>crimmis</strong></span> <span class='ocrx_word' id='word_1_52' title='bbox 2400 1110 2732 1173; x_wconf 85' lang='lat' dir='ltr'><strong>delatores</strong></span> 
     </span>
     <span class='ocr_line' id='line_1_8' title="bbox 334 1195 2733 1280; baseline -0.001 -20"><span class='ocrx_word' id='word_1_53' title='bbox 334 1217 574 1280; x_wconf 88' lang='lat' dir='ltr'><strong>penam</strong></span> <span class='ocrx_word' id='word_1_54' title='bbox 651 1196 924 1259; x_wconf 91' lang='lat' dir='ltr'><strong>talionis</strong></span> <span class='ocrx_word' id='word_1_55' title='bbox 983 1195 1295 1260; x_wconf 92' lang='lat' dir='ltr'><strong>subirent.</strong></span> <span class='ocrx_word' id='word_1_56' title='bbox 1420 1195 1549 1259; x_wconf 90' lang='lat' dir='ltr'><strong>Hic</strong></span> <span class='ocrx_word' id='word_1_57' title='bbox 1620 1197 1770 1259; x_wconf 91' lang='lat' dir='ltr'><strong>ocio</strong></span> <span class='ocrx_word' id='word_1_58' title='bbox 1831 1197 2116 1260; x_wconf 88' lang='lat' dir='ltr'><strong>literario</strong></span> <span class='ocrx_word' id='word_1_59' title='bbox 2189 1197 2556 1261; x_wconf 90' lang='lat' dir='ltr'><strong>delectatus</strong></span> <span class='ocrx_word' id='word_1_60' title='bbox 2630 1216 2733 1259; x_wconf 89' lang='lat' dir='ltr'><strong>res</strong></span> 
     </span>
     <span class='ocr_line' id='line_1_9' title="bbox 330 1282 2729 1367; baseline -0.001 -20"><span class='ocrx_word' id='word_1_61' title='bbox 330 1294 554 1367; x_wconf 91' lang='lat' dir='ltr'><strong>gestas</strong></span> <span class='ocrx_word' id='word_1_62' title='bbox 582 1283 883 1346; x_wconf 91' lang='lat' dir='ltr'><strong>omnium</strong></span> <span class='ocrx_word' id='word_1_63' title='bbox 918 1284 1325 1366; x_wconf 87' lang='lat' dir='ltr'><strong>superiorum</strong></span> <span class='ocrx_word' id='word_1_64' title='bbox 1361 1282 1753 1366; x_wconf 88' lang='lat' dir='ltr'><strong>pontificum</strong></span> <span class='ocrx_word' id='word_1_65' title='bbox 1789 1283 1956 1346; x_wconf 93' lang='lat' dir='ltr'><strong>libro</strong></span> <span class='ocrx_word' id='word_1_66' title='bbox 2000 1302 2198 1364; x_wconf 90' lang='lat' dir='ltr'><strong>quem</strong></span> <span class='ocrx_word' id='word_1_67' title='bbox 2253 1284 2340 1348; x_wconf 95' lang='lat' dir='ltr'><strong>ad</strong></span> <span class='ocrx_word' id='word_1_68' title='bbox 2395 1284 2729 1364; x_wconf 87' lang='lat' dir='ltr'><strong>Hierony-</strong></span> 
     </span>
     <span class='ocr_line' id='line_1_10' title="bbox 332 1369 2732 1452; baseline -0 -18"><span class='ocrx_word' id='word_1_69' title='bbox 332 1392 516 1434; x_wconf 90' lang='lat' dir='ltr'><strong>mum</strong></span> <span class='ocrx_word' id='word_1_70' title='bbox 551 1372 748 1445; x_wconf 88' lang='lat' dir='ltr'><strong>misit,</strong></span> <span class='ocrx_word' id='word_1_71' title='bbox 772 1372 1088 1434; x_wconf 89' lang='lat' dir='ltr'><strong>memorie</strong></span> <span class='ocrx_word' id='word_1_72' title='bbox 1119 1369 1426 1452; x_wconf 87' lang='lat' dir='ltr'><strong>prodidit.</strong></span> <span class='ocrx_word' id='word_1_73' title='bbox 1501 1369 1788 1452; x_wconf 90' lang='lat' dir='ltr'><strong>Templa</strong></span> <span class='ocrx_word' id='word_1_74' title='bbox 1818 1381 1885 1433; x_wconf 93' lang='lat' dir='ltr'><strong>et</strong></span> <span class='ocrx_word' id='word_1_75' title='bbox 1915 1371 2167 1434; x_wconf 90' lang='lat' dir='ltr'><strong>cultum</strong></span> <span class='ocrx_word' id='word_1_76' title='bbox 2188 1371 2491 1435; x_wconf 89' lang='lat' dir='ltr'><strong>diuinum</strong></span> <span class='ocrx_word' id='word_1_77' title='bbox 2523 1371 2732 1433; x_wconf 87' lang='lat' dir='ltr'><strong>auxit.</strong></span> 
     </span>
     <span class='ocr_line' id='line_1_11' title="bbox 332 1457 2730 1539; baseline -0.001 -18"><span class='ocrx_word' id='word_1_78' title='bbox 332 1458 649 1521; x_wconf 87' lang='lat' dir='ltr'><strong>Basilicas</strong></span> <span class='ocrx_word' id='word_1_79' title='bbox 694 1458 860 1521; x_wconf 95' lang='lat' dir='ltr'><strong>duas</strong></span> <span class='ocrx_word' id='word_1_80' title='bbox 904 1458 1220 1533; x_wconf 89' lang='lat' dir='ltr'><strong>condidit,</strong></span> <span class='ocrx_word' id='word_1_81' title='bbox 1251 1457 1526 1520; x_wconf 90' lang='lat' dir='ltr'><strong>alteram</strong></span> <span class='ocrx_word' id='word_1_82' title='bbox 1560 1458 1625 1520; x_wconf 89' lang='lat' dir='ltr'><strong>in</strong></span> <span class='ocrx_word' id='word_1_83' title='bbox 1681 1458 2000 1521; x_wconf 82' lang='lat' dir='ltr'><strong>honorem</strong></span> <span class='ocrx_word' id='word_1_84' title='bbox 2034 1458 2171 1521; x_wconf 95' lang='lat' dir='ltr'><strong>diui</strong></span> <span class='ocrx_word' id='word_1_85' title='bbox 2207 1457 2544 1539; x_wconf 90' lang='lat' dir='ltr'><strong>Laurentij</strong></span> <span class='ocrx_word' id='word_1_86' title='bbox 2596 1477 2730 1520; x_wconf 89' lang='lat' dir='ltr'><strong>non</strong></span> 
     </span>
     <span class='ocr_line' id='line_1_12' title="bbox 330 1544 2733 1628; baseline -0 -20"><span class='ocrx_word' id='word_1_87' title='bbox 330 1545 529 1628; x_wconf 91' lang='lat' dir='ltr'><strong>longe</strong></span> <span class='ocrx_word' id='word_1_88' title='bbox 559 1565 599 1607; x_wconf 97' lang='lat' dir='ltr'><strong>a</strong></span> <span class='ocrx_word' id='word_1_89' title='bbox 631 1546 891 1608; x_wconf 93' lang='lat' dir='ltr'><strong>theatro</strong></span> <span class='ocrx_word' id='word_1_90' title='bbox 925 1544 1333 1627; x_wconf 90' lang='lat' dir='ltr'><strong>Pompeiano</strong></span> <span class='ocrx_word' id='word_1_91' title='bbox 1378 1564 1580 1625; x_wconf 90' lang='lat' dir='ltr'><strong>quam</strong></span> <span class='ocrx_word' id='word_1_92' title='bbox 1633 1545 1869 1620; x_wconf 81' lang='lat' dir='ltr'><strong>fundiS,</strong></span> <span class='ocrx_word' id='word_1_93' title='bbox 1923 1544 2365 1626; x_wconf 89' lang='lat' dir='ltr'><strong>domibusque</strong></span> <span class='ocrx_word' id='word_1_94' title='bbox 2411 1544 2733 1620; x_wconf 90' lang='lat' dir='ltr'><strong>dotatam,</strong></span> 
     </span>
     <span class='ocr_line' id='line_1_13' title="bbox 330 1630 2734 1714; baseline -0 -19"><span class='ocrx_word' id='word_1_95' title='bbox 330 1633 591 1714; x_wconf 87' lang='lat' dir='ltr'><strong>magnis</strong></span> <span class='ocrx_word' id='word_1_96' title='bbox 621 1651 886 1713; x_wconf 90' lang='lat' dir='ltr'><strong>quoque</strong></span> <span class='ocrx_word' id='word_1_97' title='bbox 916 1630 1295 1695; x_wconf 89' lang='lat' dir='ltr'><strong>muneribus</strong></span> <span class='ocrx_word' id='word_1_98' title='bbox 1324 1633 1716 1694; x_wconf 89' lang='lat' dir='ltr'><strong>exornauit:</strong></span> <span class='ocrx_word' id='word_1_99' title='bbox 1761 1631 2064 1695; x_wconf 72' lang='lat' dir='ltr'><strong>alteram²</strong></span> <span class='ocrx_word' id='word_1_100' title='bbox 2092 1633 2200 1695; x_wconf 87' lang='lat' dir='ltr'><strong>via</strong></span> <span class='ocrx_word' id='word_1_101' title='bbox 2247 1631 2617 1696; x_wconf 80' lang='lat' dir='ltr'><strong>&#39;Ardeatina</strong></span> <span class='ocrx_word' id='word_1_102' title='bbox 2647 1631 2734 1694; x_wconf 96' lang='lat' dir='ltr'><strong>ad</strong></span> 
     </span>
     <span class='ocr_line' id='line_1_14' title="bbox 330 1718 2736 1801; baseline -0.001 -18"><span class='ocrx_word' id='word_1_103' title='bbox 330 1718 840 1784; x_wconf 78' lang='lat' dir='ltr'><strong>CathacumbaS.</strong></span> <span class='ocrx_word' id='word_1_104' title='bbox 960 1719 1314 1782; x_wconf 92' lang='lat' dir='ltr'><strong>Dedicauit</strong></span> <span class='ocrx_word' id='word_1_105' title='bbox 1365 1728 1434 1781; x_wconf 90' lang='lat' dir='ltr'><strong>et</strong></span> <span class='ocrx_word' id='word_1_106' title='bbox 1498 1718 1867 1781; x_wconf 89' lang='lat' dir='ltr'><strong>Platoniam</strong></span> <span class='ocrx_word' id='word_1_107' title='bbox 1930 1718 2039 1781; x_wconf 95' lang='lat' dir='ltr'><strong>vbi</strong></span> <span class='ocrx_word' id='word_1_108' title='bbox 2099 1739 2375 1801; x_wconf 88' lang='lat' dir='ltr'><strong>corpora</strong></span> <span class='ocrx_word' id='word_1_109' title='bbox 2439 1719 2611 1782; x_wconf 90' lang='lat' dir='ltr'><strong>Petri</strong></span> <span class='ocrx_word' id='word_1_110' title='bbox 2666 1726 2736 1781; x_wconf 90' lang='lat' dir='ltr'><strong>et</strong></span> 
     </span>
     <span class='ocr_line' id='line_1_15' title="bbox 333 1804 2736 1888; baseline -0 -19"><span class='ocrx_word' id='word_1_111' title='bbox 333 1806 516 1869; x_wconf 89' lang='lat' dir='ltr'><strong>Pauli</strong></span> <span class='ocrx_word' id='word_1_112' title='bbox 548 1805 908 1887; x_wconf 91' lang='lat' dir='ltr'><strong>aliquando</strong></span> <span class='ocrx_word' id='word_1_113' title='bbox 939 1805 1310 1869; x_wconf 89' lang='lat' dir='ltr'><strong>iacuerant:</strong></span> <span class='ocrx_word' id='word_1_114' title='bbox 1353 1804 1650 1868; x_wconf 91' lang='lat' dir='ltr'><strong>versibus</strong></span> <span class='ocrx_word' id='word_1_115' title='bbox 1694 1825 1959 1887; x_wconf 89' lang='lat' dir='ltr'><strong>quoque</strong></span> <span class='ocrx_word' id='word_1_116' title='bbox 2003 1805 2416 1887; x_wconf 89' lang='lat' dir='ltr'><strong>elegantibus</strong></span> <span class='ocrx_word' id='word_1_117' title='bbox 2460 1825 2736 1888; x_wconf 89' lang='lat' dir='ltr'><strong>corpora</strong></span> 
     </span>
     <span class='ocr_line' id='line_1_16' title="bbox 333 1891 2731 1975; baseline -0 -20"><span class='ocrx_word' id='word_1_118' title='bbox 333 1893 422 1957; x_wconf 90' lang='lat' dir='ltr'><strong>ibi</strong></span> <span class='ocrx_word' id='word_1_119' title='bbox 484 1893 743 1975; x_wconf 89' lang='lat' dir='ltr'><strong>sepulta</strong></span> <span class='ocrx_word' id='word_1_120' title='bbox 802 1892 1177 1956; x_wconf 89' lang='lat' dir='ltr'><strong>celebrauit.</strong></span> <span class='ocrx_word' id='word_1_121' title='bbox 1332 1891 1483 1974; x_wconf 87' lang='lat' dir='ltr'><strong>Ipse</strong></span> <span class='ocrx_word' id='word_1_122' title='bbox 1544 1903 1843 1974; x_wconf 90' lang='lat' dir='ltr'><strong>preterea</strong></span> <span class='ocrx_word' id='word_1_123' title='bbox 1893 1894 2193 1969; x_wconf 88' lang='lat' dir='ltr'><strong>instituit,</strong></span> <span class='ocrx_word' id='word_1_124' title='bbox 2246 1904 2317 1956; x_wconf 89' lang='lat' dir='ltr'><strong>vt</strong></span> <span class='ocrx_word' id='word_1_125' title='bbox 2378 1892 2617 1975; x_wconf 89' lang='lat' dir='ltr'><strong>psalmi</strong></span> <span class='ocrx_word' id='word_1_126' title='bbox 2666 1893 2731 1955; x_wconf 91' lang='lat' dir='ltr'><strong>in</strong></span> 
     </span>
     <span class='ocr_line' id='line_1_17' title="bbox 330 1978 2734 2061; baseline -0.001 -18"><span class='ocrx_word' id='word_1_127' title='bbox 330 1979 606 2044; x_wconf 91' lang='lat' dir='ltr'><strong>ecclesia</strong></span> <span class='ocrx_word' id='word_1_128' title='bbox 624 1981 1000 2043; x_wconf 90' lang='lat' dir='ltr'><strong>alternatim</strong></span> <span class='ocrx_word' id='word_1_129' title='bbox 1026 1989 1434 2055; x_wconf 89' lang='lat' dir='ltr'><strong>canerentur,</strong></span> <span class='ocrx_word' id='word_1_130' title='bbox 1456 1989 1525 2042; x_wconf 91' lang='lat' dir='ltr'><strong>et</strong></span> <span class='ocrx_word' id='word_1_131' title='bbox 1556 1980 1620 2041; x_wconf 95' lang='lat' dir='ltr'><strong>in</strong></span> <span class='ocrx_word' id='word_1_132' title='bbox 1648 1978 1780 2042; x_wconf 89' lang='lat' dir='ltr'><strong>fine</strong></span> <span class='ocrx_word' id='word_1_133' title='bbox 1802 1981 2118 2061; x_wconf 92' lang='lat' dir='ltr'><strong>cuiusque</strong></span> <span class='ocrx_word' id='word_1_134' title='bbox 2142 1980 2483 2056; x_wconf 89' lang='lat' dir='ltr'><strong>diceretur,</strong></span> <span class='ocrx_word' id='word_1_135' title='bbox 2507 1979 2734 2044; x_wconf 89' lang='lat' dir='ltr'><strong>Gloria</strong></span> 
     </span>
     <span class='ocr_line' id='line_1_18' title="bbox 333 2066 2735 2150; baseline -0.001 -20"><span class='ocrx_word' id='word_1_136' title='bbox 333 2069 522 2150; x_wconf 89' lang='lat' dir='ltr'><strong>patri,</strong></span> <span class='ocrx_word' id='word_1_137' title='bbox 581 2077 648 2130; x_wconf 94' lang='lat' dir='ltr'><strong>et</strong></span> <span class='ocrx_word' id='word_1_138' title='bbox 724 2066 862 2129; x_wconf 90' lang='lat' dir='ltr'><strong>filio</strong></span> <span class='ocrx_word' id='word_1_139' title='bbox 922 2076 988 2129; x_wconf 93' lang='lat' dir='ltr'><strong>et</strong></span> <span class='ocrx_word' id='word_1_140' title='bbox 1049 2068 1304 2149; x_wconf 90' lang='lat' dir='ltr'><strong>spiritui</strong></span> <span class='ocrx_word' id='word_1_141' title='bbox 1365 2076 1614 2130; x_wconf 79' lang='lat' dir='ltr'><strong>sancto,</strong></span> <span class='ocrx_word' id='word_1_142' title='bbox 1734 2066 1962 2148; x_wconf 90' lang='lat' dir='ltr'><strong>thue</strong></span> <span class='ocrx_word' id='word_1_143' title='bbox 2024 2069 2088 2129; x_wconf 92' lang='lat' dir='ltr'><strong>in</strong></span> <span class='ocrx_word' id='word_1_144' title='bbox 2152 2068 2475 2149; x_wconf 90' lang='lat' dir='ltr'><strong>principio</strong></span> <span class='ocrx_word' id='word_1_145' title='bbox 2538 2067 2735 2132; x_wconf 88' lang='lat' dir='ltr'><strong>misse</strong></span> 
     </span>
     <span class='ocr_line' id='line_1_19' title="bbox 330 2152 2736 2236; baseline -0.001 -19"><span class='ocrx_word' id='word_1_146' title='bbox 330 2154 658 2217; x_wconf 88' lang='lat' dir='ltr'><strong>confessio</strong></span> <span class='ocrx_word' id='word_1_147' title='bbox 719 2154 1045 2217; x_wconf 90' lang='lat' dir='ltr'><strong>diceretur</strong></span> <span class='ocrx_word' id='word_1_148' title='bbox 1104 2153 1675 2234; x_wconf 89' lang='lat' dir='ltr'><strong>quemadmodum</strong></span> <span class='ocrx_word' id='word_1_149' title='bbox 1722 2163 1790 2216; x_wconf 94' lang='lat' dir='ltr'><strong>et</strong></span> <span class='ocrx_word' id='word_1_150' title='bbox 1840 2154 2036 2216; x_wconf 92' lang='lat' dir='ltr'><strong>hodie</strong></span> <span class='ocrx_word' id='word_1_151' title='bbox 2090 2152 2180 2217; x_wconf 92' lang='lat' dir='ltr'><strong>fit.</strong></span> <span class='ocrx_word' id='word_1_152' title='bbox 2303 2153 2435 2216; x_wconf 91' lang='lat' dir='ltr'><strong>Hic</strong></span> <span class='ocrx_word' id='word_1_153' title='bbox 2485 2154 2736 2236; x_wconf 91' lang='lat' dir='ltr'><strong>primus</strong></span> 
     </span>
     <span class='ocr_line' id='line_1_20' title="bbox 332 2240 2734 2324; baseline -0.001 -20"><span class='ocrx_word' id='word_1_154' title='bbox 332 2242 860 2324; x_wconf 89' lang='lat' dir='ltr'><strong>interpretationi</strong></span> <span class='ocrx_word' id='word_1_155' title='bbox 926 2240 1326 2321; x_wconf 87' lang='lat' dir='ltr'><strong>Hieronymi</strong></span> <span class='ocrx_word' id='word_1_156' title='bbox 1388 2261 1569 2302; x_wconf 91' lang='lat' dir='ltr'><strong>sacre</strong></span> <span class='ocrx_word' id='word_1_157' title='bbox 1630 2242 1948 2323; x_wconf 88' lang='lat' dir='ltr'><strong>scripture</strong></span> <span class='ocrx_word' id='word_1_158' title='bbox 2009 2242 2470 2304; x_wconf 91' lang='lat' dir='ltr'><strong>auctoritatem</strong></span> <span class='ocrx_word' id='word_1_159' title='bbox 2532 2240 2734 2303; x_wconf 89' lang='lat' dir='ltr'><strong>dedit.</strong></span> 
     </span>
     <span class='ocr_line' id='line_1_21' title="bbox 332 2327 2734 2407; baseline -0 -16"><span class='ocrx_word' id='word_1_160' title='bbox 332 2327 503 2392; x_wconf 90' lang='lat' dir='ltr'><strong>Cum</strong></span> <span class='ocrx_word' id='word_1_161' title='bbox 551 2338 776 2391; x_wconf 92' lang='lat' dir='ltr'><strong>autem</strong></span> <span class='ocrx_word' id='word_1_162' title='bbox 810 2328 1087 2390; x_wconf 90' lang='lat' dir='ltr'><strong>sedisset</strong></span> <span class='ocrx_word' id='word_1_163' title='bbox 1120 2347 1332 2389; x_wconf 91' lang='lat' dir='ltr'><strong>annos</strong></span> <span class='ocrx_word' id='word_1_164' title='bbox 1362 2328 1522 2390; x_wconf 89' lang='lat' dir='ltr'><strong>.xix.</strong></span> <span class='ocrx_word' id='word_1_165' title='bbox 1556 2347 1819 2389; x_wconf 90' lang='lat' dir='ltr'><strong>menses</strong></span> <span class='ocrx_word' id='word_1_166' title='bbox 1849 2338 1981 2390; x_wconf 89' lang='lat' dir='ltr'><strong>tres</strong></span> <span class='ocrx_word' id='word_1_167' title='bbox 2012 2328 2153 2390; x_wconf 91' lang='lat' dir='ltr'><strong>dies</strong></span> <span class='ocrx_word' id='word_1_168' title='bbox 2185 2329 2290 2391; x_wconf 89' lang='lat' dir='ltr'><strong>.xi.</strong></span> <span class='ocrx_word' id='word_1_169' title='bbox 2324 2329 2599 2390; x_wconf 91' lang='lat' dir='ltr'><strong>moritur</strong></span> <span class='ocrx_word' id='word_1_170' title='bbox 2629 2327 2734 2407; x_wconf 78' lang='lat' dir='ltr'><strong>,iij.</strong></span> 
     </span>
     <span class='ocr_line' id='line_1_22' title="bbox 335 2413 2735 2496; baseline 0 -20"><span class='ocrx_word' id='word_1_171' title='bbox 335 2415 481 2478; x_wconf 89' lang='lat' dir='ltr'><strong>idus</strong></span> <span class='ocrx_word' id='word_1_172' title='bbox 515 2414 923 2491; x_wconf 79' lang='lat' dir='ltr'><strong>DecembriS‚</strong></span> <span class='ocrx_word' id='word_1_173' title='bbox 960 2435 1037 2477; x_wconf 91' lang='lat' dir='ltr'><strong>ac</strong></span> <span class='ocrx_word' id='word_1_174' title='bbox 1070 2414 1383 2496; x_wconf 88' lang='lat' dir='ltr'><strong>sepelitur</strong></span> <span class='ocrx_word' id='word_1_175' title='bbox 1414 2415 1520 2476; x_wconf 92' lang='lat' dir='ltr'><strong>via</strong></span> <span class='ocrx_word' id='word_1_176' title='bbox 1554 2413 1926 2477; x_wconf 88' lang='lat' dir='ltr'><strong>Ardeatina</strong></span> <span class='ocrx_word' id='word_1_177' title='bbox 1972 2435 2123 2476; x_wconf 90' lang='lat' dir='ltr'><strong>cum</strong></span> <span class='ocrx_word' id='word_1_178' title='bbox 2161 2424 2371 2477; x_wconf 90' lang='lat' dir='ltr'><strong>matre</strong></span> <span class='ocrx_word' id='word_1_179' title='bbox 2401 2424 2469 2477; x_wconf 87' lang='lat' dir='ltr'><strong>et</strong></span> <span class='ocrx_word' id='word_1_180' title='bbox 2515 2434 2735 2477; x_wconf 89' lang='lat' dir='ltr'><strong>sorore</strong></span> 
     </span>
     <span class='ocr_line' id='line_1_23' title="bbox 332 2500 1574 2583; baseline 0.001 -20"><span class='ocrx_word' id='word_1_181' title='bbox 332 2503 396 2564; x_wconf 91' lang='lat' dir='ltr'><strong>in</strong></span> <span class='ocrx_word' id='word_1_182' title='bbox 433 2501 734 2578; x_wconf 88' lang='lat' dir='ltr'><strong>Basilica,</strong></span> <span class='ocrx_word' id='word_1_183' title='bbox 765 2521 966 2582; x_wconf 90' lang='lat' dir='ltr'><strong>quam</strong></span> <span class='ocrx_word' id='word_1_184' title='bbox 1001 2502 1140 2583; x_wconf 89' lang='lat' dir='ltr'><strong>ipse</strong></span> <span class='ocrx_word' id='word_1_185' title='bbox 1171 2500 1574 2564; x_wconf 90' lang='lat' dir='ltr'><strong>condiderat.</strong></span> 
     </span>
    </p>
   </div>
   <div class='ocr_carea' id='block_1_4' title="bbox 1421 2661 1667 2726">
    <p class='ocr_par' dir='ltr' id='par_1_4' title="bbox 1421 2661 1667 2726">
     <span class='ocr_line' id='line_1_24' title="bbox 1421 2661 1667 2726; baseline 0 0"><span class='ocrx_word' id='word_1_186' title='bbox 1421 2661 1667 2726; x_wconf 84' lang='lat' dir='ltr'><strong>Oratio.</strong></span> 
     </span>
    </p>
   </div>
   <div class='ocr_carea' id='block_1_5' title="bbox 346 2774 2772 2903">
    <p class='ocr_par' dir='ltr' id='par_1_5' title="bbox 346 2774 2772 2903">
     <span class='ocr_line' id='line_1_25' title="bbox 346 2774 2772 2903; baseline 0 -67"><span class='ocrx_word' id='word_1_187' title='bbox 346 2774 699 2903; x_wconf 78' lang='lat' dir='ltr'><strong>Exaudi</strong></span> <span class='ocrx_word' id='word_1_188' title='bbox 732 2774 1002 2837; x_wconf 91' lang='lat' dir='ltr'><strong>domine</strong></span> <span class='ocrx_word' id='word_1_189' title='bbox 1036 2795 1261 2856; x_wconf 91' lang='lat' dir='ltr'><strong>preces</strong></span> <span class='ocrx_word' id='word_1_190' title='bbox 1292 2784 1549 2836; x_wconf 88' lang='lat' dir='ltr'><strong>nostras</strong></span> <span class='ocrx_word' id='word_1_191' title='bbox 1579 2784 1648 2836; x_wconf 90' lang='lat' dir='ltr'><strong>et</strong></span> <span class='ocrx_word' id='word_1_192' title='bbox 1682 2776 2160 2838; x_wconf 87' lang='lat' dir='ltr'><strong>interueniente</strong></span> <span class='ocrx_word' id='word_1_193' title='bbox 2208 2775 2405 2837; x_wconf 92' lang='lat' dir='ltr'><strong>beato</strong></span> <span class='ocrx_word' id='word_1_194' title='bbox 2438 2776 2772 2837; x_wconf 71' lang='lat' dir='ltr'><strong>Damaso·</strong></span> 
     </span>
    </p>
   </div>
   <div class='ocr_carea' id='block_1_6' title="bbox 331 2860 2738 3031">
    <p class='ocr_par' dir='ltr' id='par_1_6' title="bbox 331 2860 2738 3031">
     <span class='ocr_line' id='line_1_26' title="bbox 531 2860 2738 2943; baseline -0 -20"><span class='ocrx_word' id='word_1_195' title='bbox 531 2861 906 2925; x_wconf 90' lang='lat' dir='ltr'><strong>confessore</strong></span> <span class='ocrx_word' id='word_1_196' title='bbox 981 2872 1098 2924; x_wconf 93' lang='lat' dir='ltr'><strong>tuo</strong></span> <span class='ocrx_word' id='word_1_197' title='bbox 1174 2872 1374 2943; x_wconf 91' lang='lat' dir='ltr'><strong>atque</strong></span> <span class='ocrx_word' id='word_1_198' title='bbox 1451 2860 1812 2943; x_wconf 89' lang='lat' dir='ltr'><strong>pontifice:</strong></span> <span class='ocrx_word' id='word_1_199' title='bbox 1888 2861 2404 2943; x_wconf 88' lang='lat' dir='ltr'><strong>supplicationes</strong></span> <span class='ocrx_word' id='word_1_200' title='bbox 2479 2870 2738 2925; x_wconf 90' lang='lat' dir='ltr'><strong>nostras</strong></span> 
     </span>
     <span class='ocr_line' id='line_1_27' title="bbox 331 2947 1145 3031; baseline 0.002 -22"><span class='ocrx_word' id='word_1_201' title='bbox 331 2947 632 3030; x_wconf 91' lang='lat' dir='ltr'><strong>placatus</strong></span> <span class='ocrx_word' id='word_1_202' title='bbox 664 2948 967 3011; x_wconf 86' lang='lat' dir='ltr'><strong>intende:</strong></span> <span class='ocrx_word' id='word_1_203' title='bbox 1013 2968 1145 3031; x_wconf 89' lang='lat' dir='ltr'><strong>per.</strong></span> 
     </span>
    </p>
   </div>
   <div class='ocr_carea' id='block_1_7' title="bbox 832 3109 2249 3285">
    <p class='ocr_par' dir='ltr' id='par_1_7' title="bbox 832 3109 2249 3285">
     <span class='ocr_line' id='line_1_28' title="bbox 832 3109 2249 3193; baseline 0.003 -22"><span class='ocrx_word' id='word_1_204' title='bbox 832 3116 897 3186; x_wconf 63' lang='lat'><strong>11</strong></span> <span class='ocrx_word' id='word_1_205' title='bbox 945 3109 1150 3173; x_wconf 82' lang='lat' dir='ltr'><strong>Lucia</strong></span> <span class='ocrx_word' id='word_1_206' title='bbox 1180 3111 1366 3192; x_wconf 82' lang='lat' dir='ltr'><strong>virgo</strong></span> <span class='ocrx_word' id='word_1_207' title='bbox 1396 3120 1666 3191; x_wconf 84' lang='lat' dir='ltr'><strong>martyr.</strong></span> <span class='ocrx_word' id='word_1_208' title='bbox 1711 3111 1946 3193; x_wconf 77' lang='lat' dir='ltr'><strong>duplex</strong></span> <span class='ocrx_word' id='word_1_209' title='bbox 1989 3109 2249 3175; x_wconf 62' lang='lat' dir='ltr'><strong>minu-§.³</strong></span> 
     </span>
     <span class='ocr_line' id='line_1_29' title="bbox 1321 3221 1761 3285; baseline 0.002 -2"><span class='ocrx_word' id='word_1_210' title='bbox 1321 3222 1542 3284; x_wconf 85' lang='lat' dir='ltr'><strong>Tertia</strong></span> <span class='ocrx_word' id='word_1_211' title='bbox 1571 3221 1761 3285; x_wconf 82' lang='lat' dir='ltr'><strong>lectio,</strong></span> 
     </span>
    </p>
   </div>
   <div class='ocr_carea' id='block_1_8' title="bbox 336 3333 2748 4373">
    <p class='ocr_par' dir='ltr' id='par_1_8' title="bbox 336 3333 2748 4373">
     <span class='ocr_line' id='line_1_30' title="bbox 350 3333 2740 3463; baseline 0 -68"><span class='ocrx_word' id='word_1_212' title='bbox 350 3334 634 3463; x_wconf 84' lang='lat' dir='ltr'><strong>LVcia</strong></span> <span class='ocrx_word' id='word_1_213' title='bbox 664 3335 851 3416; x_wconf 87' lang='lat' dir='ltr'><strong>virgo</strong></span> <span class='ocrx_word' id='word_1_214' title='bbox 900 3334 1295 3398; x_wconf 83' lang='lat' dir='ltr'><strong>Siracusana</strong></span> <span class='ocrx_word' id='word_1_215' title='bbox 1327 3333 1567 3396; x_wconf 89' lang='lat' dir='ltr'><strong>nobilis</strong></span> <span class='ocrx_word' id='word_1_216' title='bbox 1597 3335 1858 3416; x_wconf 90' lang='lat' dir='ltr'><strong>generis</strong></span> <span class='ocrx_word' id='word_1_217' title='bbox 1902 3345 1969 3397; x_wconf 92' lang='lat' dir='ltr'><strong>et</strong></span> <span class='ocrx_word' id='word_1_218' title='bbox 2016 3336 2281 3418; x_wconf 87' lang='lat' dir='ltr'><strong>egregie</strong></span> <span class='ocrx_word' id='word_1_219' title='bbox 2329 3334 2416 3397; x_wconf 91' lang='lat' dir='ltr'><strong>ab</strong></span> <span class='ocrx_word' id='word_1_220' title='bbox 2462 3334 2740 3396; x_wconf 88' lang='lat' dir='ltr'><strong>infantia</strong></span> 
     </span>
     <span class='ocr_line' id='line_1_31' title="bbox 525 3420 2741 3503; baseline -0 -20"><span class='ocrx_word' id='word_1_221' title='bbox 525 3422 806 3503; x_wconf 80' lang='lat' dir='ltr'><strong>pietatiS,</strong></span> <span class='ocrx_word' id='word_1_222' title='bbox 897 3442 1049 3484; x_wconf 90' lang='lat' dir='ltr'><strong>cum</strong></span> <span class='ocrx_word' id='word_1_223' title='bbox 1159 3434 1370 3483; x_wconf 89' lang='lat' dir='ltr'><strong>matre</strong></span> <span class='ocrx_word' id='word_1_224' title='bbox 1464 3421 1739 3498; x_wconf 84' lang='lat' dir='ltr'><strong>Eutitia,</strong></span> <span class='ocrx_word' id='word_1_225' title='bbox 1823 3442 1953 3503; x_wconf 91' lang='lat' dir='ltr'><strong>que</strong></span> <span class='ocrx_word' id='word_1_226' title='bbox 2045 3421 2302 3484; x_wconf 84' lang='lat' dir='ltr'><strong>fluxum</strong></span> <span class='ocrx_word' id='word_1_227' title='bbox 2397 3420 2741 3502; x_wconf 90' lang='lat' dir='ltr'><strong>sanguinis</strong></span> 
     </span>
     <span class='ocr_line' id='line_1_32' title="bbox 338 3506 2740 3591; baseline -0.001 -20"><span class='ocrx_word' id='word_1_228' title='bbox 338 3507 729 3591; x_wconf 89' lang='lat' dir='ltr'><strong>patiebatur,</strong></span> <span class='ocrx_word' id='word_1_229' title='bbox 760 3508 1096 3591; x_wconf 88' lang='lat' dir='ltr'><strong>religionis</strong></span> <span class='ocrx_word' id='word_1_230' title='bbox 1126 3509 1339 3590; x_wconf 91' lang='lat' dir='ltr'><strong>gratia</strong></span> <span class='ocrx_word' id='word_1_231' title='bbox 1372 3506 1721 3584; x_wconf 90' lang='lat' dir='ltr'><strong>Catanam,</strong></span> <span class='ocrx_word' id='word_1_232' title='bbox 1750 3508 1862 3571; x_wconf 91' lang='lat' dir='ltr'><strong>vbi</strong></span> <span class='ocrx_word' id='word_1_233' title='bbox 1895 3508 2136 3571; x_wconf 67' lang='lat' dir='ltr'><strong>sancti*</strong></span> <span class='ocrx_word' id='word_1_234' title='bbox 2183 3508 2454 3590; x_wconf 88' lang='lat' dir='ltr'><strong>Agathe</strong></span> <span class='ocrx_word' id='word_1_235' title='bbox 2499 3527 2740 3590; x_wconf 88' lang='lat' dir='ltr'><strong>corpus</strong></span> 
     </span>
     <span class='ocr_line' id='line_1_33' title="bbox 340 3594 2739 3679; baseline 0 -22"><span class='ocrx_word' id='word_1_236' title='bbox 340 3615 587 3679; x_wconf 90' lang='lat' dir='ltr'><strong>magna</strong></span> <span class='ocrx_word' id='word_1_237' title='bbox 664 3595 1036 3659; x_wconf 88' lang='lat' dir='ltr'><strong>Siculorum</strong></span> <span class='ocrx_word' id='word_1_238' title='bbox 1112 3596 1537 3658; x_wconf 90' lang='lat' dir='ltr'><strong>veneratione</strong></span> <span class='ocrx_word' id='word_1_239' title='bbox 1597 3595 1852 3671; x_wconf 91' lang='lat' dir='ltr'><strong>colitur,</strong></span> <span class='ocrx_word' id='word_1_240' title='bbox 1913 3596 2231 3678; x_wconf 90' lang='lat' dir='ltr'><strong>peruenit,</strong></span> <span class='ocrx_word' id='word_1_241' title='bbox 2290 3605 2359 3658; x_wconf 91' lang='lat' dir='ltr'><strong>et</strong></span> <span class='ocrx_word' id='word_1_242' title='bbox 2418 3594 2579 3657; x_wconf 89' lang='lat' dir='ltr'><strong>fusis</strong></span> <span class='ocrx_word' id='word_1_243' title='bbox 2652 3594 2739 3657; x_wconf 92' lang='lat' dir='ltr'><strong>ad</strong></span> 
     </span>
     <span class='ocr_line' id='line_1_34' title="bbox 341 3681 2742 3765; baseline 0 -21"><span class='ocrx_word' id='word_1_244' title='bbox 341 3681 611 3763; x_wconf 82' lang='lat' dir='ltr'><strong>Agathe</strong></span> <span class='ocrx_word' id='word_1_245' title='bbox 642 3682 1062 3765; x_wconf 89' lang='lat' dir='ltr'><strong>sepulchrum</strong></span> <span class='ocrx_word' id='word_1_246' title='bbox 1098 3683 1402 3764; x_wconf 88' lang='lat' dir='ltr'><strong>precibus</strong></span> <span class='ocrx_word' id='word_1_247' title='bbox 1448 3682 1573 3744; x_wconf 93' lang='lat' dir='ltr'><strong>hac</strong></span> <span class='ocrx_word' id='word_1_248' title='bbox 1607 3682 2056 3746; x_wconf 88' lang='lat' dir='ltr'><strong>intercedente</strong></span> <span class='ocrx_word' id='word_1_249' title='bbox 2104 3683 2484 3764; x_wconf 89' lang='lat' dir='ltr'><strong>impetrauit</strong></span> <span class='ocrx_word' id='word_1_250' title='bbox 2529 3702 2569 3744; x_wconf 98' lang='lat' dir='ltr'><strong>a</strong></span> <span class='ocrx_word' id='word_1_251' title='bbox 2615 3681 2742 3744; x_wconf 91' lang='lat' dir='ltr'><strong>deo</strong></span> 
     </span>
     <span class='ocr_line' id='line_1_35' title="bbox 336 3767 2744 3850; baseline -0 -20"><span class='ocrx_word' id='word_1_252' title='bbox 336 3778 409 3830; x_wconf 90' lang='lat' dir='ltr'><strong>vt</strong></span> <span class='ocrx_word' id='word_1_253' title='bbox 470 3769 795 3832; x_wconf 88' lang='lat' dir='ltr'><strong>Eutitiam</strong></span> <span class='ocrx_word' id='word_1_254' title='bbox 857 3779 1135 3832; x_wconf 88' lang='lat' dir='ltr'><strong>sanaret.</strong></span> <span class='ocrx_word' id='word_1_255' title='bbox 1258 3768 1449 3830; x_wconf 93' lang='lat' dir='ltr'><strong>Tunc</strong></span> <span class='ocrx_word' id='word_1_256' title='bbox 1515 3768 1747 3831; x_wconf 60' lang='lat' dir='ltr'><strong>Luciaf‘</strong></span> <span class='ocrx_word' id='word_1_257' title='bbox 1809 3780 2089 3832; x_wconf 90' lang='lat' dir='ltr'><strong>matrem</strong></span> <span class='ocrx_word' id='word_1_258' title='bbox 2155 3768 2379 3832; x_wconf 91' lang='lat' dir='ltr'><strong>multis</strong></span> <span class='ocrx_word' id='word_1_259' title='bbox 2440 3767 2744 3850; x_wconf 89' lang='lat' dir='ltr'><strong>precibus</strong></span> 
     </span>
     <span class='ocr_line' id='line_1_36' title="bbox 337 3855 2742 3937; baseline -0.001 -19"><span class='ocrx_word' id='word_1_260' title='bbox 337 3866 593 3932; x_wconf 88' lang='lat' dir='ltr'><strong>exorat,</strong></span> <span class='ocrx_word' id='word_1_261' title='bbox 636 3867 708 3919; x_wconf 90' lang='lat' dir='ltr'><strong>vt</strong></span> <span class='ocrx_word' id='word_1_262' title='bbox 755 3855 1104 3919; x_wconf 88' lang='lat' dir='ltr'><strong>facultates</strong></span> <span class='ocrx_word' id='word_1_263' title='bbox 1152 3875 1319 3937; x_wconf 87' lang='lat' dir='ltr'><strong>quas</strong></span> <span class='ocrx_word' id='word_1_264' title='bbox 1371 3855 1494 3918; x_wconf 89' lang='lat' dir='ltr'><strong>sibi</strong></span> <span class='ocrx_word' id='word_1_265' title='bbox 1541 3855 1700 3918; x_wconf 90' lang='lat' dir='ltr'><strong>dare</strong></span> <span class='ocrx_word' id='word_1_266' title='bbox 1748 3858 2181 3919; x_wconf 88' lang='lat' dir='ltr'><strong>constituerat</strong></span> <span class='ocrx_word' id='word_1_267' title='bbox 2231 3857 2501 3919; x_wconf 89' lang='lat' dir='ltr'><strong>nomine</strong></span> <span class='ocrx_word' id='word_1_268' title='bbox 2550 3855 2742 3930; x_wconf 88' lang='lat' dir='ltr'><strong>dotis,</strong></span> 
     </span>
     <span class='ocr_line' id='line_1_37' title="bbox 337 3942 2748 4024; baseline -0.001 -19"><span class='ocrx_word' id='word_1_269' title='bbox 337 3962 490 4005; x_wconf 91' lang='lat' dir='ltr'><strong>cum</strong></span> <span class='ocrx_word' id='word_1_270' title='bbox 523 3964 593 4006; x_wconf 89' lang='lat' dir='ltr'><strong>se</strong></span> <span class='ocrx_word' id='word_1_271' title='bbox 624 3943 887 4006; x_wconf 90' lang='lat' dir='ltr'><strong>cuidam</strong></span> <span class='ocrx_word' id='word_1_272' title='bbox 924 3944 1142 4006; x_wconf 91' lang='lat' dir='ltr'><strong>iuueni</strong></span> <span class='ocrx_word' id='word_1_273' title='bbox 1176 3942 1658 4024; x_wconf 88' lang='lat' dir='ltr'><strong>despondisset,</strong></span> <span class='ocrx_word' id='word_1_274' title='bbox 1687 3944 1808 4006; x_wconf 91' lang='lat' dir='ltr'><strong>sibi</strong></span> <span class='ocrx_word' id='word_1_275' title='bbox 1831 3963 1952 4005; x_wconf 90' lang='lat' dir='ltr'><strong>suo</strong></span> <span class='ocrx_word' id='word_1_276' title='bbox 1983 3943 2300 4006; x_wconf 90' lang='lat' dir='ltr'><strong>arbitratu</strong></span> <span class='ocrx_word' id='word_1_277' title='bbox 2325 3942 2748 4005; x_wconf 88' lang='lat' dir='ltr'><strong>collocandas</strong></span> 
     </span>
     <span class='ocr_line' id='line_1_38' title="bbox 340 4028 2748 4113; baseline 0 -22"><span class='ocrx_word' id='word_1_278' title='bbox 340 4029 642 4093; x_wconf 89' lang='lat' dir='ltr'><strong>traderet.</strong></span> <span class='ocrx_word' id='word_1_279' title='bbox 762 4028 931 4093; x_wconf 90' lang='lat' dir='ltr'><strong>Cum</strong></span> <span class='ocrx_word' id='word_1_280' title='bbox 981 4031 1179 4113; x_wconf 91' lang='lat' dir='ltr'><strong>igitur</strong></span> <span class='ocrx_word' id='word_1_281' title='bbox 1239 4028 1580 4093; x_wconf 88' lang='lat' dir='ltr'><strong>Siracusas</strong></span> <span class='ocrx_word' id='word_1_282' title='bbox 1641 4030 2007 4112; x_wconf 89' lang='lat' dir='ltr'><strong>redijssent,</strong></span> <span class='ocrx_word' id='word_1_283' title='bbox 2057 4029 2263 4093; x_wconf 91' lang='lat' dir='ltr'><strong>Lucia</strong></span> <span class='ocrx_word' id='word_1_284' title='bbox 2315 4050 2550 4092; x_wconf 91' lang='lat' dir='ltr'><strong>omnes</strong></span> <span class='ocrx_word' id='word_1_285' title='bbox 2594 4048 2748 4091; x_wconf 89' lang='lat' dir='ltr'><strong>suas</strong></span> 
     </span>
     <span class='ocr_line' id='line_1_39' title="bbox 341 4115 2745 4199; baseline -0 -21"><span class='ocrx_word' id='word_1_286' title='bbox 341 4115 689 4179; x_wconf 88' lang='lat' dir='ltr'><strong>facultates</strong></span> <span class='ocrx_word' id='word_1_287' title='bbox 721 4117 1036 4192; x_wconf 90' lang='lat' dir='ltr'><strong>vendidit,</strong></span> <span class='ocrx_word' id='word_1_288' title='bbox 1066 4127 1131 4179; x_wconf 90' lang='lat' dir='ltr'><strong>et</strong></span> <span class='ocrx_word' id='word_1_289' title='bbox 1165 4117 1480 4198; x_wconf 88' lang='lat' dir='ltr'><strong>pecunias</strong></span> <span class='ocrx_word' id='word_1_290' title='bbox 1511 4117 1913 4199; x_wconf 89' lang='lat' dir='ltr'><strong>pauperibus</strong></span> <span class='ocrx_word' id='word_1_291' title='bbox 1943 4117 2291 4180; x_wconf 87' lang='lat' dir='ltr'><strong>distribuit.</strong></span> <span class='ocrx_word' id='word_1_292' title='bbox 2400 4115 2602 4199; x_wconf 82' lang='lat' dir='ltr'><strong>Quod</strong></span> <span class='ocrx_word' id='word_1_293' title='bbox 2635 4115 2745 4178; x_wconf 92' lang='lat' dir='ltr'><strong>ubi</strong></span> 
     </span>
     <span class='ocr_line' id='line_1_40' title="bbox 341 4202 2744 4286; baseline 0 -21"><span class='ocrx_word' id='word_1_294' title='bbox 341 4223 626 4285; x_wconf 91' lang='lat' dir='ltr'><strong>sponsus</strong></span> <span class='ocrx_word' id='word_1_295' title='bbox 669 4204 810 4267; x_wconf 91' lang='lat' dir='ltr'><strong>eius</strong></span> <span class='ocrx_word' id='word_1_296' title='bbox 857 4204 1135 4279; x_wconf 92' lang='lat' dir='ltr'><strong>resciuit,</strong></span> <span class='ocrx_word' id='word_1_297' title='bbox 1167 4202 1413 4265; x_wconf 90' lang='lat' dir='ltr'><strong>factum</strong></span> <span class='ocrx_word' id='word_1_298' title='bbox 1460 4205 1782 4285; x_wconf 88' lang='lat' dir='ltr'><strong>egerrime</strong></span> <span class='ocrx_word' id='word_1_299' title='bbox 1816 4204 2044 4277; x_wconf 81' lang='lat' dir='ltr'><strong>ferenS,</strong></span> <span class='ocrx_word' id='word_1_300' title='bbox 2069 4204 2154 4267; x_wconf 95' lang='lat' dir='ltr'><strong>ad</strong></span> <span class='ocrx_word' id='word_1_301' title='bbox 2179 4205 2356 4267; x_wconf 88' lang='lat' dir='ltr'><strong>vrbis</strong></span> <span class='ocrx_word' id='word_1_302' title='bbox 2382 4202 2744 4286; x_wconf 88' lang='lat' dir='ltr'><strong>prefectum</strong></span> 
     </span>
     <span class='ocr_line' id='line_1_41' title="bbox 343 4288 2746 4373; baseline 0 -22"><span class='ocrx_word' id='word_1_303' title='bbox 343 4289 769 4353; x_wconf 89' lang='lat' dir='ltr'><strong>Paschasium</strong></span> <span class='ocrx_word' id='word_1_304' title='bbox 833 4290 1043 4354; x_wconf 89' lang='lat' dir='ltr'><strong>defert</strong></span> <span class='ocrx_word' id='word_1_305' title='bbox 1107 4289 1382 4352; x_wconf 91' lang='lat' dir='ltr'><strong>Luciam</strong></span> <span class='ocrx_word' id='word_1_306' title='bbox 1444 4288 1890 4353; x_wconf 90' lang='lat' dir='ltr'><strong>Christianam</strong></span> <span class='ocrx_word' id='word_1_307' title='bbox 1952 4312 2113 4365; x_wconf 88' lang='lat' dir='ltr'><strong>esse,</strong></span> <span class='ocrx_word' id='word_1_308' title='bbox 2162 4311 2238 4353; x_wconf 87' lang='lat' dir='ltr'><strong>ac</strong></span> <span class='ocrx_word' id='word_1_309' title='bbox 2298 4289 2746 4373; x_wconf 90' lang='lat' dir='ltr'><strong>superstitioni</strong></span> 
     </span>
    </p>
   </div>
   <div class='ocr_carea' id='block_1_9' title="bbox 437 4452 2653 4583">
    <p class='ocr_par' dir='ltr' id='par_1_9' title="bbox 437 4452 2653 4583">
     <span class='ocr_line' id='line_1_42' title="bbox 437 4452 2653 4518; baseline 0 -16"><span class='ocrx_word' id='word_1_310' title='bbox 437 4452 452 4482; x_wconf 90' lang='lat'>¹</span> <span class='ocrx_word' id='word_1_311' title='bbox 489 4453 570 4503; x_wconf 86' lang='lat' dir='ltr'><strong>die</strong></span> <span class='ocrx_word' id='word_1_312' title='bbox 599 4467 672 4503; x_wconf 89' lang='lat'><strong>11.</strong></span> <span class='ocrx_word' id='word_1_313' title='bbox 703 4454 760 4503; x_wconf 79' lang='lat' dir='ltr'><strong>in</strong></span> <span class='ocrx_word' id='word_1_314' title='bbox 785 4471 848 4503; x_wconf 85' lang='lat' dir='ltr'><strong>m.</strong></span> <span class='ocrx_word' id='word_1_315' title='bbox 1444 4452 1467 4483; x_wconf 78' lang='lat'>²</span> <span class='ocrx_word' id='word_1_316' title='bbox 1497 4456 1686 4504; x_wconf 83' lang='lat' dir='ltr'><strong>altera:</strong></span> <span class='ocrx_word' id='word_1_317' title='bbox 1723 4454 1801 4517; x_wconf 90' lang='lat'><strong>38.</strong></span> <span class='ocrx_word' id='word_1_318' title='bbox 2222 4453 2243 4484; x_wconf 71' lang='lat'><strong>³</strong></span> <span class='ocrx_word' id='word_1_319' title='bbox 2278 4453 2375 4504; x_wconf 88' lang='lat' dir='ltr'><strong>Die</strong></span> <span class='ocrx_word' id='word_1_320' title='bbox 2404 4467 2475 4518; x_wconf 85' lang='lat'><strong>13.</strong></span> <span class='ocrx_word' id='word_1_321' title='bbox 2507 4456 2564 4503; x_wconf 80' lang='lat' dir='ltr'><strong>in</strong></span> <span class='ocrx_word' id='word_1_322' title='bbox 2590 4471 2653 4502; x_wconf 88' lang='lat' dir='ltr'><strong>m.</strong></span> 
     </span>
     <span class='ocr_line' id='line_1_43' title="bbox 439 4518 1834 4583; baseline 0 -14"><span class='ocrx_word' id='word_1_323' title='bbox 439 4518 459 4548; x_wconf 84' lang='lat'><strong>⁴</strong></span> <span class='ocrx_word' id='word_1_324' title='bbox 493 4519 741 4569; x_wconf 83' lang='lat' dir='ltr'><strong>Sanctae:</strong></span> <span class='ocrx_word' id='word_1_325' title='bbox 778 4519 856 4583; x_wconf 86' lang='lat'><strong>38.</strong></span> <span class='ocrx_word' id='word_1_326' title='bbox 885 4530 978 4570; x_wconf 88' lang='lat' dir='ltr'><strong>etc.</strong></span> <span class='ocrx_word' id='word_1_327' title='bbox 1443 4519 1464 4548; x_wconf 71' lang='lat'>⁵</span> <span class='ocrx_word' id='word_1_328' title='bbox 1499 4520 1720 4570; x_wconf 87' lang='lat' dir='ltr'><strong>Lucina:</strong></span> <span class='ocrx_word' id='word_1_329' title='bbox 1757 4520 1834 4583; x_wconf 84' lang='lat'><strong>38.</strong></span> 
     </span>
    </p>
   </div>
  </div>
 </body>
</html>
