3293 5225
571 435 669 487 304
734 424 827 474 SS.
855 423 1061 474 BONA
1078 423 1438 476 VENTURA
1459 438 1477 473 .·
1509 425 1554 473 S
1563 424 2007 474 YMPHOROSA
2033 424 2087 473 E
2095 424 2198 475 TC.
2257 425 2658 476 PRAXEDJS.
2727 424 2873 486 [IUL.
2905 437 2992 474 21.

817 547 884 616 (Ι
928 540 1399 605 Bonauentura
1434 540 1815 608 Cardinalzk
1843 539 2199 621 consessor.¹
2287 540 2502 605 Lectio
2529 542 2738 606 tertia.

576 654 940 786 SAnctus
988 654 1462 717 Bonauentura
1507 654 1781 716 natione
1811 653 2070 716 Tuscus
2101 653 2166 716 in
2199 653 2451 737 oppido
2505 654 2756 718 Balneo
2804 652 2997 737 regio

719 741 925 804 nobili
1015 760 1257 824 genere
1332 750 1548 817 natus,
1622 760 1803 804 anno
1875 761 1992 804 sue
2066 741 2262 805 etatis
2338 741 2594 805 circiter
2665 742 2995 823 vigesimo

570 829 865 892 secundo
895 828 1281 911 religionem
1316 828 1494 891 beati
1523 826 1858 891 Francisci
1883 829 2190 909 suscepit.
2284 829 2376 892 Et
2399 829 2619 892 studio
2651 828 2989 891 literarum

573 916 838 980 deditus
874 915 1274 979 Alexandro
1319 914 1404 977 de
1438 914 1602 978 Ales
1633 925 2022 998 preceptore
2052 926 2316 979 tantum
2369 914 2662 997 profecit,
2693 925 2765 979 vt
2804 924 2990 999 sept-

573 1004 708 1066 imo
768 1012 1074 1085 suscepte
1136 1002 1471 1084 religionis
1527 1022 1711 1064 anno
1764 1003 1831 1064 in
1889 1001 2260 1083 Gymnasio
2324 1003 2670 1066 Parisiensi
2720 1003 2991 1086 publice

572 1091 809 1154 librum
860 1090 1340 1153 sententiarum
1392 1090 1947 1172 interpretaretur,
1978 1091 2076 1152 vir
2121 1110 2383 1153 summe
2439 1089 2991 1166 mansuetudiniS,

569 1199 647 1242 ac
707 1178 1094 1240 sanctitatis
1215 1177 1421 1239 Anno
1481 1197 1639 1239 vero
1713 1178 1909 1239 tertio
1982 1177 2246 1240 decimo
2313 1176 2544 1259 quam²
2603 1188 2990 1259 susceperat

569 1265 974 1348 religionem.
1025 1273 1286 1327 creatus
1338 1273 1441 1327 est
1493 1266 1699 1327 totius
1747 1264 1998 1326 ordinis
2050 1263 2348 1328 minister
2405 1264 2750 1347 generaliS,
2800 1265 2989 1346 quod

570 1373 812 1416 munus
845 1353 1179 1434 sapienter
1208 1350 1759 1427 administrandO,
1778 1371 2110 1414 summam
2143 1360 2245 1414 est
2274 1351 2540 1415 laudem
2571 1361 2991 1429 consecutus,

570 1460 704 1503 non
782 1439 997 1502 solum
1090 1439 1390 1501 doctrine
1464 1448 1531 1500 et
1604 1438 2064 1515 sanctimonie,
2134 1440 2251 1501 sed
2326 1439 2529 1502 etiam
2592 1438 2836 1521 ingenij
2917 1450 2990 1502 et

570 1528 1010 1590 dexteritatis,
1102 1524 1256 1607 Qua
1302 1524 1481 1587 fama
1529 1524 1770 1588 ductus
1803 1524 2161 1607 Gregorius
2210 1546 2388 1609 papa
2417 1528 2527 1590 .xi.
2558 1525 2987 1591 Cardinalem

569 1615 788 1697 ipsum
879 1623 947 1677 et
1035 1611 1279 1695 ipsum³
1360 1612 1817 1675 Albanensem
1906 1612 2173 1676 creauit.
2309 1612 2529 1676 Multa
2600 1613 2708 1676 hic
2781 1634 2989 1696 opera

569 1701 954 1765 doctissime
1003 1700 1412 1782 conscripsit,
1446 1719 1578 1781 que
1625 1699 1900 1781 longum
1934 1709 2109 1762 esset
2139 1719 2492 1777 recensere,
2521 1701 2588 1763 in
2622 1702 2990 1783 primisque

569 1788 1014 1851 eruditissima
1044 1786 1522 1849 commentaria
1553 1787 1619 1848 in
1654 1795 1942 1867 quatuor
1972 1786 2172 1850 libros
2204 1790 2699 1852 sententiarum.
2791 1787 2987 1870 Obijt

570 1887 795 1939 autem
853 1874 1168 1955 Lugduni
1203 1874 1307 1954 .iij.
1355 1872 1503 1936 idus
1561 1873 1734 1954 Iulij,
1778 1873 2145 1955 claruitque
2198 1874 2546 1938 miraculis.
2637 1874 2982 1957 Quamob-

568 1982 707 2026 rem
761 1983 802 2024 a
858 1962 1082 2041 Xysto
1141 1981 1319 2043 papa
1378 1970 1619 2042 quarto
1681 1981 1859 2024 anno
1920 1961 2198 2024 Domini
2262 1962 2621 2026 Millesimo
2673 1963 2983 2044 quadrin-

567 2049 940 2133 gentesimo
969 2048 1427 2131 octuagesimo
1458 2048 1754 2111 secundo
1783 2048 1954 2111 inter
1982 2058 2249 2112 sanctos
2279 2059 2381 2113 est
2411 2049 2674 2114 relatus,

678 2192 745 2261 (Ι
794 2185 1255 2268 Symphorosa*
1282 2206 1426 2248 cum
1455 2194 1691 2267 septem
1705 2184 1884 2266 filiis
1914 2186 2352 2265 martyribus.⁵
2438 2186 2655 2251 Lectio
2686 2189 2895 2253 tertia.

707 2285 936 2348 Ybure
997 2283 1457 2367 Symphorosa
1518 2293 1824 2347 matrona
1874 2287 2289 2349 sanctissima
2336 2308 2510 2350 vxor
2557 2287 2680 2351 suit
2735 2287 2985 2353 Getuli⁶

737 2372 1065 2453 martyris,
1124 2392 1212 2434 ex
1285 2392 1420 2454 quo
1494 2381 1753 2454 septem
1817 2370 1988 2436 filios
2047 2374 2134 2436 ad
2197 2375 2589 2455 martyrium
2649 2373 2985 2440 ⁷videlicet

569 2457 985 2543 procreauit,⁷
1060 2458 1538 2535 Crescentium,
1617 2458 1969 2536 Iulianum,
2048 2459 2456 2539 Nemesium,
2519 2462 2983 2538 Primitiuum,⁸

576 2548 924 2623 Iustinum,
974 2545 1365 2610 Stacteum:
1443 2546 1845 2628 Eugenium,
1897 2566 2049 2610 cum
2102 2547 2341 2630 quibus
2400 2549 2465 2611 in
2527 2551 2983 2631 persecutione

573 2635 855 2699 Adriani
946 2645 1145 2714 capta
1234 2644 1338 2696 est
1427 2643 1700 2716 propter
1793 2634 2150 2698 christiane
2239 2633 2394 2699 fidei
2486 2637 2979 2720 professionem,

568 2742 937 2804 omnesque
985 2721 1209 2784 multis
1240 2719 1489 2784 affecti⁹
1518 2720 1881 2803 supplicijS,
1911 2732 1983 2784 vt
2007 2741 2048 2784 a
2078 2743 2234 2785 vera
2272 2723 2520 2806 pietate
2550 2724 2982 2790 discederent.

576 2811 653 2873 In
717 2830 850 2892 qua
895 2828 1046 2871 cum
1100 2808 1475 2871 immobiles
1529 2808 2048 2890 permansissent
2108 2808 2568 2892 Symphorosa
2619 2814 2685 2875 in
2737 2823 2982 2894 preter·

570 2896 884 2960 fluentem
940 2895 1216 2958 fluuium
1268 2916 1438 2957 saxo
1490 2895 1575 2956 ad
1631 2894 1877 2958 collum
1933 2916 2250 2977 appenSO,
2305 2899 2698 2981 precipitata
2746 2912 2865 2975 est,
2917 2910 2982 2964 et

571 2985 1009 3064 interempta:
1074 2982 1370 3064 Eiusque
1416 3002 1659 3063 corpus
1690 2981 1777 3044 ab
1811 2982 2120 3065 Eugenio
2168 2983 2371 3065 ipsius
2404 2984 2601 3048 fratre
2649 2987 2984 3070 sepulture

570 3072 821 3134 datum.
914 3069 1238 3133 Postridie
1285 3090 1441 3132 vero
1490 3069 1602 3151 qui
1654 3068 1779 3131 fuit
1818 3091 1945 3132 .xv.
1980 3069 2347 3134 calendas¹⁰
2387 3073 2676 3154 Augusti
2725 3084 2981 3156 septem

571 3159 802 3221 fratres
834 3157 1109 3239 singulis
1141 3156 1479 3237 stipitibus
1511 3155 1765 3240 alligati
1798 3167 1969 3219 sunt.
2063 3158 2154 3220 Et
2184 3156 2553 3222 Crescens¹¹
2587 3182 2704 3242 per
2754 3173 2982 3244 guttur

567 3245 740 3307 ferro
815 3242 1194 3320 transfixuS,
1274 3242 1570 3306 Iulianus
1645 3263 1763 3324 per
1837 3253 2084 3325 pectus
2222 3246 2575 3311 Nemesius
2664 3270 2783 3330 per
2853 3270 2983 3325 cor,

572 3328 1004 3395 Primitinus¹2
1049 3351 1167 3412 per
1217 3330 1622 3403 vmbilicum,
1675 3330 1969 3393 Iustinus
2016 3333 2437 3396 membratim
2497 3336 2821 3400 dissectus
2865 3348 2986 3413 est,

574 3419 885 3483 Stacteus
930 3418 1157 3480 multis
1202 3416 1447 3479 lanceis
1494 3415 1820 3494 confixuS,
1869 3418 2212 3499 Eugenius
2261 3441 2303 3482 a
2333 3433 2600 3502 pectore
2647 3424 2711 3485 in
2763 3435 2982 3506 partes

571 3505 909 3569 inferiores
955 3504 1211 3568 scissus,
1306 3504 1609 3585 Ipsorum
1661 3515 1888 3567 autem
1938 3526 2214 3587 corpora
2247 3507 2314 3569 in
2346 3507 2590 3572 fossam
2642 3513 2981 3593 quandam

571 3592 893 3675 prealtam
927 3592 1187 3655 deiecta
1217 3601 1374 3654 sunt
1406 3596 1471 3652 in
1505 3593 1610 3653 via
1643 3591 2023 3672 Tyburtina
2054 3593 2359 3657 milliario
2391 3615 2584 3659 nono,

1204 3734 1271 3803 (1
1317 3727 1643 3790 Praxedis
1671 3726 1926 3810 virgam
2013 3727 2229 3792 Lectio
2258 3728 2381 3812 {72¹⁴

583 3840 995 3969 PRaxedis
1054 3840 1243 3922 virgo
1300 3839 1693 3903 venerabilis
1756 3838 2126 3904 Pudentis¹⁵
2183 3842 2470 3907 Romani
2533 3845 2666 3908 filia
2725 3849 2983 3912 amissis

722 3928 1108 4011 parentibus
1138 3935 1325 3989 tanta
1357 3947 1513 3990 cura
1544 3935 1612 3989 et
1642 3929 2020 3991 constantia
2052 3926 2580 3994 Christianorum
2613 3937 2980 4000 commodi-

665 4080 683 4110 ¹
716 4081 798 4130 die
827 4090 900 4143 ις,
933 4081 989 4128 in
1013 4096 1078 4128 m.
1871 4077 1894 4109 ²
1961 4095 2113 4129 uum:
2151 4080 2229 4143 38.
2304 4091 2599 4149 postquam:
2637 4099 2714 4149 39.
2744 4100 2825 4148 41.

666 4145 687 4175 ³
718 4148 1041 4211 episcopum:
1079 4143 1158 4207 38.
1185 4152 1280 4195 etc.
1873 4144 1895 4174 ⁴
1924 4096 2006 4194 die
2035 4143 2108 4194 18.
2138 4147 2197 4194 in
2221 4164 2285 4196 m.

666 4210 688 4241 ⁸
721 4220 1000 4274 martyres:
1034 4223 1112 4270 41.
1869 4207 1891 4239 ⁶
1924 4209 2148 4275 GetuliJ:
2186 4211 2264 4275 63.

665 4275 772 4312 ⁷—7
805 4275 1082 4340 procreauit
1103 4274 1370 4324 videlicet:
1407 4287 1485 4368 39.
1513 4286 1592 4331 41.
1873 4273 1895 4304 ⁸
1931 4276 2275 4326 Primitinum:
2312 4277 2390 4341 38.

668 4341 690 4373 ⁹
722 4341 945 4390 affectis:
983 4353 1060 4403 39.
1434 4337 1456 4368 ⁰
1487 4339 1838 4390 calendarum:
1876 4354 1952 4403 39.
1982 4354 2061 4403 41.
2264 4341 2303 4373 ¹¹
2339 4345 2688 4397 Craeoentius:
2725 4349 2806 4413 38.
2835 4351 2917 4416 63.

670 4405 711 4438 ¹²
746 4407 1064 4455 Primitiuus:
1101 4417 1178 4469 39.
1208 4414 1287 4454 etc
1417 4402 1459 4433 ¹³
1490 4404 1571 4454 die
1617 4416 1696 4453 21.
1728 4406 1800 4454 in.
1831 4422 1895 4455 m.
2262 4407 2302 4438 ¹⁴
2334 4408 2403 4474 iij.
2429 4427 2442 4459 ε
2479 4410 2557 4474 38.
2586 4422 2681 4463 etc.

669 4472 710 4503 ¹⁸
746 4471 1040 4521 Prudentis:
1076 4483 1154 4533 43.
1183 4484 1263 4531 44.
1303 4482 1381 4531 49.
1412 4468 1490 4519 61.
1519 4469 1599 4532 63.
1627 4469 1706 4530 64.
