3293 5225
148 457 327 506 SEPT.
375 457 477 520 15.]
687 471 697 483 ·
854 455 1148 505 OCTAVA
1185 454 1691 505 NATJVJTATJS
1720 455 1948 505 Bam).
2492 467 2582 517 331

152 610 488 673 diuinitus
549 609 736 672 exitu
815 609 1162 690 prohiberi.
1299 608 1604 690 Cumque
1679 629 1913 671 omnes
1987 619 2221 691 stupor
2278 610 2419 671 eius
2495 610 2584 671 rei

152 707 426 760 teneret
461 696 1433 778 Zachariaslerosolymitanus
1453 697 1733 759 antistes
1764 698 1876 776 qui
1910 697 2048 758 eius
2074 696 2258 758 lateri
2286 695 2584 759 herebat¹

157 785 643 867 imperatorem
723 785 937 865 ipsum
1017 784 1366 846 admonuit
1442 782 1697 845 videret
1773 804 1855 844 ne
1932 803 2165 865 parum
2245 782 2583 846 Christum

161 873 546 934 imitaretur
607 870 951 933 inserenda
1012 891 1244 933 cruce:
1312 871 1699 953 triumphali
1752 872 1970 933 nitens
2023 872 2203 933 cultu
2261 889 2411 932 cum
2476 871 2584 932 ille

158 959 370 1021 nudis
406 959 685 1040 pedibus
719 969 920 1038 atque
967 957 1305 1021 humiliter
1353 960 1627 1021 tulisset.
1743 958 1934 1026 Tunc
1988 957 2313 1019 heraclius
2359 956 2587 1019 relicto

159 1046 354 1109 cultu
420 1067 553 1127 quo
613 1055 886 1108 ornatus
946 1056 1089 1107 erat
1147 1057 1401 1108 vestem
1466 1045 1798 1128 plebeiam
1862 1047 2148 1126 sumpsit
2197 1043 2588 1125 calceosque

165 1135 490 1207 detraxit,
523 1143 726 1214 atque
760 1134 856 1195 ita
887 1133 1029 1194 sine
1062 1131 1318 1195 offensa
1350 1133 1635 1195 confecit
1671 1133 1993 1213 reliquum
2038 1134 2157 1196 vie.
2249 1132 2384 1194 Vbi
2433 1153 2587 1193 vero

165 1222 259 1282 ad
310 1221 596 1283 caluarie
645 1220 859 1282 locum
912 1229 1011 1281 est
1060 1230 1353 1295 ventum,
1406 1220 1495 1281 ibi
1544 1240 1805 1282 crucem
1853 1221 2103 1294 statuit,
2153 1219 2327 1282 vnde
2375 1219 2587 1282 suerat

161 1328 209 1370 a
249 1309 464 1369 Persis
497 1306 776 1369 sublata.
871 1306 1092 1388 Quam
1127 1307 1216 1370 ob
1247 1327 1385 1370 rem
1408 1316 1736 1369 statutum
1768 1319 1868 1369 est
1893 1316 1963 1368 vt
1996 1308 2204 1369 crucis
2236 1304 2588 1369 exaltatio²

165 1415 400 1457 annua
434 1394 794 1457 sestiuitate
825 1393 1281 1457 celebraretur.

1191 1548 1316 1609 Ad
1337 1547 1574 1610 laudes.

311 1659 709 1740 Antz'plcona.
802 1661 1018 1742 Super
1048 1661 1274 1722 omnia
1321 1661 1502 1736 ligna
1552 1661 1895 1722 cedrorum
1953 1669 2025 1722 tu
2059 1659 2200 1722 sola
2248 1659 2591 1734 excelsior,

167 1748 236 1809 in
274 1767 408 1827 qua
440 1748 575 1808 vita
608 1745 837 1808 mundi
870 1748 1206 1828 pependit,
1239 1750 1304 1809 in
1337 1768 1468 1828 qua
1502 1747 1803 1811 Christus
1828 1746 2279 1829 triumphauit,
2313 1756 2378 1809 et
2414 1766 2590 1808 mors

170 1846 461 1897 mortem
497 1835 834 1915 superauit
867 1836 929 1895 in
982 1843 1303 1897 eternum.

1088 1994 1155 2063 (Ι
1201 1988 1324 2050 Ad
1363 2000 1674 2069 vespera&

307 2099 630 2179 Hymnus.
725 2097 1008 2163 Lustris3
1040 2109 1113 2162 vt
1138 2111 1354 2180 supra.

309 2186 707 2266 Antzphona.
795 2186 858 2251 O
891 2207 1055 2250 crux
1106 2186 1475 2262 benedicta,
1506 2206 1634 2267 que
1667 2186 1809 2248 sola
1859 2186 2037 2250 fuisti
2072 2188 2277 2269 digna
2325 2198 2590 2270 portare

171 2293 399 2356 regem
434 2273 723 2336 celorum
756 2285 824 2336 et
854 2275 1202 2336 dominum
1238 2273 1563 2336 halleluia.

307 2360 470 2421 Post
540 2362 891 2422 orationem
981 2361 1393 2422 exaltationis·
1466 2371 1592 2441 pro
1681 2362 2268 2424 commemoratione
2377 2371 2591 2423 octaue

172 2447 554 2509 natiuitatis
598 2449 845 2510 dicitur
882 2448 1021 2510 eius
1065 2448 1423 2528 antiphona
1484 2448 1824 2530 assignata
1869 2450 1966 2510 ad
1988 2450 2253 2529 primas
2298 2459 2592 2528 vesperas

172 2555 318 2597 cum
366 2534 504 2595 cius
549 2535 847 2597 oratione.

600 2692 667 2761 (Ι
709 2685 844 2759 Die
873 2700 990 2765 .15.
1023 2696 1238 2748 octaue
1266 2687 1645 2749 natiuitatis·
1689 2687 1922 2767 duplex
1950 2688 2183 2750 minus.

519 2797 741 2860 Tertia
773 2798 964 2862 lectio,
1089 2798 1317 2862 Sermo
1345 2799 1559 2861 sancti
1583 2798 1644 2860 A
1659 2799 1959 2879 agustini
1982 2800 2291 2880 epelecopffi

191 2909 504 3038 ADest
567 2908 758 2972 nobis
820 2910 1230 2972 dilectissimi
1283 2921 1554 2992 optatus
1616 2909 1760 2972 dies
1810 2911 2003 2973 beate
2060 2932 2137 2973 ac
2199 2911 2589 2973 venerabilis

390 3017 652 3078 semper
712 2998 983 3077 virginis
1048 2998 1273 3060 Marie.
1400 2997 1564 3060 Ideo
1623 3018 1773 3060 cum
1846 3017 2111 3060 summa
2175 2997 2591 3060 exultatione

185 3083 476 3165 gaudeat
523 3094 693 3146 terra
741 3093 966 3146 nostra
1027 3093 1211 3146 tante
1270 3085 1542 3165 virginis
1603 3085 1927 3147 illustrata
1982 3085 2203 3147 natali.
2300 3084 2446 3147 Hec
2492 3095 2592 3148 est

186 3172 361 3233 enim
397 3170 518 3232 flos
549 3172 787 3253 campi,
819 3172 902 3233 de
936 3191 1067 3251 qua
1101 3181 1318 3233 ortum
1352 3181 1453 3233 est
1500 3173 1869 3254 preciosum
1924 3172 2131 3234 lilium
2188 3172 2590 3235 conuallium

187 3278 302 3339 per
346 3259 530 3319 cuius
578 3267 838 3339 partum
890 3267 1184 3319 mutatur
1244 3268 1478 3320 natura
1541 3258 2097 3341 protoplastorum
2161 3279 2293 3339 qua
2340 3259 2595 3322 deletur

185 3354 252 3407 et
283 3344 492 3425 culpa.
586 3345 917 3406 Precisum
951 3355 1051 3407 est
1084 3346 1147 3406 in
1183 3366 1260 3407 ea
1294 3345 1453 3407 illud
1506 3346 1650 3408 Eue
1684 3345 2085 3409 infelicitatis
2126 3348 2461 3427 eulogium
2510 3346 2594 3409 de

187 3451 317 3511 qua
349 3431 601 3494 dicitur.
697 3431 773 3493 In
808 3433 1071 3494 tristitia
1105 3434 1316 3513 paries
1350 3431 1533 3508 filios,
1564 3434 1720 3513 quia
1753 3434 1877 3495 ista
1911 3435 1974 3495 in
2010 3433 2216 3496 letitia
2247 3434 2592 3496 dominum

191 3519 534 3600 parturiuit
570 3518 716 3580 Eua
762 3520 939 3581 enim
999 3519 1185 3595 luxit,
1218 3520 1343 3581 ista
1373 3521 1705 3582 exultauit
1739 3521 1887 3583 Eua
1941 3521 2332 3602 lachrymas,
2382 3520 2595 3582 Maria

189 3605 502 3686 gaudium
566 3606 630 3668 in
692 3616 921 3668 ventre
983 3607 1288 3688 portauit,
1348 3608 1503 3687 quia
1564 3608 1675 3668 illa
1731 3618 2158 3689 peccatorem,
2213 3610 2336 3669 ista
2389 3606 2597 3670 edidit

192 3694 627 3756 innocentem.
718 3692 930 3773 Virgo
990 3694 1238 3775 quippe
1286 3695 1516 3775 genuit
1576 3696 1733 3774 quia
1792 3696 1980 3776 virgo
2040 3696 2361 3776 concepit.
2489 3695 2595 3756 In-

190 3779 434 3840 uiolata
467 3781 759 3860 peperit:
805 3781 960 3860 quia
1007 3782 1072 3841 in
1122 3779 1472 3861 conceptu⁵
1523 3780 1728 3843 libido
1782 3802 1914 3843 non
1967 3781 2104 3844 suit.
2227 3782 2596 3862 Vtrobique

194 3866 597 3928 miraculum.
714 3867 802 3927 Et
861 3867 1001 3929 sine
1062 3869 1482 3949 corruptione
1545 3868 1841 3948 grauida,
1900 3878 1967 3931 et
2029 3870 2093 3930 in
2158 3878 2349 3951 partu
2411 3870 2597 3950 virgo

194 3973 508 4035 puerpera
542 3953 693 4015 Aue
728 3954 973 4034 (inquit
1026 3954 1305 4034 angelus
1358 3954 1441 4016 ad
1497 3956 1678 4035 eam)
1731 3957 1944 4036 gratia
1999 3956 2236 4037 plena:
2286 3956 2597 4018 dominus

193 4050 426 4103 tecum.
553 4039 836 4121 Impleta
890 4050 989 4103 est
1038 4061 1198 4122 ergo
1231 4042 1437 4103 maria
1468 4043 1681 4122 gratia
1728 4051 1795 4105 et
1845 4042 1991 4104 Eua
2043 4053 2366 4104 euacuata
2412 4052 2512 4105 est
2558 4063 2597 4104 a

193 4127 399 4207 culpa.
494 4126 879 4190 Maledictio
940 4148 1078 4203 eue,
1129 4129 1192 4189 in
1251 4128 1780 4191 benedictionem
1838 4140 2133 4191 mutatur
2176 4131 2397 4204 marie,
2447 4129 2598 4192 Aue

194 4214 401 4296 gratia
435 4214 630 4296 plena
668 4213 997 4277 Dominus
1031 4224 1270 4278 tecum.
1361 4214 1615 4278 Tecum
1649 4216 1961 4278 dominus
1997 4218 2061 4278 in
2097 4216 2330 4278 corde:
2378 4226 2595 4278 tecum

196 4303 256 4364 in
289 4311 513 4364 ventre
535 4311 753 4364 tecum
790 4303 854 4363 in
887 4312 1090 4378 vter0,
1116 4312 1334 4364 tecum
1360 4303 1424 4364 in
1458 4302 1712 4365 auxilio
1742 4326 1755 4365 :
1790 4303 2137 4366 Gratulare
2170 4304 2365 4365 beata
2394 4305 2601 4385 virg0,

286 4459 298 4488 ¹
335 4462 638 4511 adherebat:
676 4475 755 4526 39.
1163 4461 1186 4492 ²
1217 4479 1310 4511 om.
1343 4461 1418 4526 38.
1701 4435 1705 4439 .
1757 4464 1778 4491 ³
1810 4480 1928 4514 sex:
1965 4465 2077 4513 add.
2108 4476 2185 4527 39.
2214 4476 2295 4526 41.
2325 4464 2396 4528 [p.
2428 4462 2569 4524 280.]

285 4525 304 4555 ⁴
335 4527 431 4575 die.
469 4538 541 4590 15.
574 4528 630 4575 in
657 4544 720 4575 ω.
821 4544 886 4577 m.
917 4526 994 4590 38.
1164 4527 1184 4557 ⁵
1217 4540 1519 4593 conspectu:
1556 4542 1636 4593 43.
