3293 5225
523 435 584 498 58
1079 435 1565 484 ΗΕΒΒΟᾸΙΑΒΑ
1605 434 1911 496 QUARTA
1947 433 2381 482 ADVENTUS.

524 608 666 652 esse
698 588 1107 652 videbantur.
1204 589 1430 671 Ipsum
1466 608 1732 670 quoque
1768 588 2089 651 Ioannem
2126 587 2485 669 baptistam
2520 605 2716 665 quem
2768 585 2933 646 mira

523 678 876 740 sanctitate
907 675 1238 759 preditum
1274 677 1558 758 populus
1587 676 1862 751 viderat,
1895 675 2079 737 illum
2114 671 2313 737 hunc¹
2346 693 2488 735 esse
2513 672 2934 752 singulariter

524 763 774 826 celsum
823 783 903 826 ac
956 762 1241 827 solidum
1296 773 1593 826 montem
1643 762 1957 826 credebat
2009 762 2095 825 de
2139 782 2275 842 quo
2308 761 2622 842 scriptum
2656 770 2799 820 est:
2854 759 2930 820 In

526 851 902 913 nouissimis
932 849 1166 913 diebus
1196 851 1320 914 erit
1352 871 1545 913 mons
1578 859 1969 932 preparatus
2002 848 2241 911 domus
2272 848 2526 911 domini
2576 848 2640 908 in
2690 847 2934 907 vertice

527 939 874 1001 montium.

1603 1073 1850 1138 Oratio.

536 1186 868 1314 EXcita
927 1186 1199 1250 domine
1260 1186 1631 1268 potentiam
1696 1197 1880 1249 tuam
1943 1195 2010 1248 et
2072 1185 2219 1247 veni
2259 1195 2370 1247 :et
2434 1203 2679 1266 magna
2742 1182 2934 1243 nobis

691 1274 933 1337 virtute
981 1294 1303 1350 succurre,
1356 1283 1427 1336 vt
1481 1294 1598 1356 per
1644 1271 1970 1335 auxilium
2026 1273 2238 1353 gratie
2291 1281 2420 1344 tue,
2467 1269 2648 1351 quod
2705 1279 2932 1331 nostra

517 1371 792 1460 peccata
839 1362 1251 1443 prepediunt,
1296 1360 1708 1442 indulgentia
1755 1370 1866 1423 tue
1915 1358 2404 1441 propitiationis
2451 1356 2771 1418 acceleret
2817 1356 2929 1436 qui

518 1449 702 1510 mnis,
732 1456 839 1511 etc.

924 1616 992 1686 (I
1024 1611 1222 1673 Fen‘a
1250 1611 1529 1674 secunda
1558 1631 1639 1672 ex
1665 1610 1758 1672 M
1755 1607 1973 1673 ἱεΙιεα.2
2061 1608 2275 1671 Lectio
2293 1608 2535 1689 prima.

660 1721 719 1783 T
757 1723 881 1786 erit
913 1723 976 1785 in
1011 1723 1377 1786 nouissimo
1409 1721 1694 1785 dierum³
1726 1742 1918 1785 mons
1952 1722 2193 1785 domus
2224 1721 2478 1783 domini
2627 1739 2930 1801 egressus

686 1809 830 1873 eius
860 1810 948 1873 ab
978 1810 1166 1874 initio
1197 1830 1237 1872 a
1266 1809 1503 1873 diebus
1533 1811 1921 1874 eternitatis,

1124 1978 1192 2048 (Ι
1227 1972 1594 2036 Secundum
1626 1972 1918 2034 Lucam.4
2005 1970 2218 2033 Lectio
2249 1970 2332 2051 .ῂῖ

530 2082 719 2210 ET
749 2083 999 2147 factum
1030 2093 1135 2147 est
1170 2108 1184 2148 ε
1216 2104 1364 2147 cum
1414 2083 1591 2146 solus
1638 2100 1813 2146 esset
1858 2103 2054 2146 orans
2203 2082 2448 2145 nemini
2495 2081 2811 2144 dixerunt
2862 2080 2924 2141 in

687 2169 813 2233 illis
846 2171 1080 2234 diebus
1111 2172 1470 2254 quicquam
1504 2191 1592 2233 ex
1628 2171 1730 2233 his
1761 2171 1875 2252 qui
1909 2171 2233 2234 viderant.

1051 2338 1119 2408 (I
1149 2333 1348 2395 Feria
1376 2333 1488 2414 ‚iili
1521 2354 1601 2395 ex
1632 2331 2001 2414 Sophonia.⁵
2090 2330 2302 2393 Lectio
2333 2331 2407 2412 .j.

527 2443 660 2570 IN
717 2443 826 2507 die
879 2443 993 2507 illa
1037 2465 1171 2507 non
1219 2445 1644 2508 confunderis
1690 2464 1888 2527 super
1931 2444 2187 2506 cunctis
2233 2440 2816 2505 adinuentionibus

622 2549 847 2594 coram
880 2530 1088 2594 oculis
1120 2534 1355 2596 vestris
1386 2531 1547 2595 dicit
1577 2531 1906 2595 dominus,

1018 2701 1083 2770 (I
1121 2695 1487 2759 Secundusn
1521 2693 1810 2758 Lucam.⁰
1899 2693 2114 2757 Lectio
2142 2694 2430 2756 secunda.

643 2805 892 2868 Actum
919 2817 1018 2869 est
1044 2817 1267 2870 autem
1295 2807 1359 2869 in
1386 2807 1688 2889 sequenti
1715 2807 1841 2882 die,
1859 2805 2416 2868 descendentibus
2438 2804 2562 2867 illis
2586 2804 2670 2867 de
2699 2812 2925 2865 monte

789 2893 880 2956 Et
911 2892 1216 2956 abierunt
1249 2895 1314 2957 in
1348 2893 1527 2957 aliud
1562 2893 1925 2958 castellum.

959 3077 1027 3147 (Ι
1063 3071 1257 3135 Feria
1285 3081 1526 3155 quarta
1555 3093 1637 3135 et
1662 3071 1723 3134 A
1723 3068 1929 3153 ἕζεο]
2019 3071 2232 3134 Lectio
2248 3070 2493 3151 prima.

522 3182 656 3310 IN
690 3183 799 3247 die
829 3184 1155 3266 vigesima
1185 3181 1281 3248 et⁸
1308 3193 1548 3266 quarta
1584 3186 1830 3247 mensis
1984 3185 2045 3244 in
2081 3183 2229 3246 loco
2277 3184 2403 3246 isto
2450 3183 2627 3245 dabo
2676 3202 2929 3264 pacem,

621 3269 781 3332 dicit
814 3272 1126 3334 dominus
1157 3272 1591 3334 exercituum.

1117 3457 1182 3526 (Ι
1220 3450 1587 3513 Secundum
1626 3448 1912 3514 Lucam.⁹
2001 3450 2213 3512 Lectio
2242 3450 2328 3530 ,ist

586 3560 892 3623 ‘Actum
925 3571 1025 3624 est
1064 3573 1287 3626 autem
1320 3561 1819 3625 ambulantibus
1853 3562 1978 3625 illis
2011 3563 2075 3623 in
2108 3562 2214 3623 via
2341 3562 2588 3643 spernit
2621 3582 2772 3624 eum
2806 3563 2918 3643 qui

668 3649 846 3711 misit
879 3669 1004 3714 me.

850 3816 918 3886 (I
949 3809 1148 3873 Feria
1176 3809 1460 3894 quintam
1488 3809 1609 3873 exn
1643 3808 2046 3875 Zacharia.12
2138 3811 2349 3874 Lectio
2365 3811 2608 3892 prima.

648 3922 707 3985 T
754 3922 970 3985 leuaui
1017 3923 1247 3987 oculos
1295 3943 1495 4000 mem,
1542 3933 1609 3986 et
1655 3923 1790 3985 vidi
1939 3923 2354 3985 consurrexit
2401 3923 2485 3985 de
2539 3922 2920 3985 habitaculo

675 4021 907 4074 sancto
938 4031 1074 4073 suo,

598 4228 612 4257 ¹
650 4229 804 4280 hinc:
839 4229 917 4278 66.
1808 4228 1829 4259 ’·’
1862 4231 1986 4295 Cap.
2014 4245 2048 4291 4
2069 4234 2127 4279 ite
2153 4249 2216 4279 m.
2247 4232 2331 4292 [iv.
2368 4244 2504 4280 1-—v.
2536 4233 2607 4292 2.]

596 4294 617 4321 ²³
639 4295 762 4344 erit:
798 4296 909 4344 add.
936 4306 1017 4357 43.
1805 4295 1826 4325 ⁴
1859 4296 1946 4356 [ix.
1981 4295 2180 4359 18-36.]

597 4358 618 4387 ὅ
651 4359 778 4424 Cap.
809 4372 854 4423 3.
883 4361 942 4408 in
960 4376 1025 4409 m.
1054 4359 1144 4420 [iii.
1179 4362 1377 4421 11-20.]
1806 4359 1827 4389 ⁶
1859 4362 1945 4421 [ix.
1975 4362 2181 4425 37-56.]

598 4423 618 4455 ⁷
651 4425 741 4475 Ca.
772 4438 815 4474 2.
846 4425 904 4473 in
928 4442 992 4475 m.
1023 4426 1092 4485 [ii.
1130 4426 1295 4486 1-10.]
1463 4424 1484 4454 ⁸
1515 4442 1608 4475 om.
1639 4425 1718 4490 38.
2223 4425 2245 4455 ⁹
2279 4428 2364 4487 [ix.
2398 4438 2570 4490 57—x.
2607 4427 2708 4487 16.]

584 4487 625 4520 ¹⁰
657 4490 765 4554 iiij:
801 4490 880 4553 63.
1444 4489 1477 4520 ¹¹
1514 4508 1607 4541 om.
1637 4491 1716 4555 38.
2198 4491 2239 4521 ¹⁴²
2271 4494 2397 4557 Cap.
2429 4506 2457 4540 2
2482 4494 2539 4541 in
2563 4510 2627 4542 m.
2651 4494 2721 4554 [ii.
2754 4495 2925 4556 1-13.]
