3293 5225
469 454 566 516 284
1013 458 1065 506 S.
1107 458 1600 507 POTENTJANA
1620 474 1639 506 .·
1674 459 1726 507 S.
1766 458 2336 509 BERNARDJNUS.
2380 409 2395 426 ¹
2610 458 2768 518 [ΜΔΙ.
2798 469 2877 505 20.

472 619 539 672 et
571 607 738 671 sese¹
768 609 1193 673 christianam
1227 632 1370 673 esse
1404 611 1735 688 fateretur,
1761 612 1847 674 ab
1877 614 2114 675 eodem
2149 611 2365 675 iudice
2405 610 2884 693 comprehensa

476 696 736 759 duabus
767 698 1092 778 proximis
1124 697 1362 781 palmis
1397 699 1461 762 vi
1511 719 1757 781 magna
1804 700 1957 761 hinc
2005 698 2159 761 inde
2205 697 2522 762 curuatis2
2565 707 2632 760 et
2680 698 2886 780 pedes

473 784 906 866 distringitur,
937 784 1315 866 laxatisque
1345 796 1411 849 et
1445 786 1849 849 indiuersum
1890 786 2177 849 reductis
2224 786 2633 868 discerpitur,
2682 795 2748 847 et
2789 785 2880 846 sic

475 871 717 952 palmis
748 872 1050 948 dissecta,
1082 873 1375 953 martyrij
1415 873 1708 956 palmam
1742 884 1844 937 est
1875 883 2231 936 consecuta
2264 873 2477 955 pridie
2509 873 2658 934 idus
2698 871 2882 952 Maij.

1111 1002 1176 1072 (Ι
1206 997 1603 1060 Potentiana
1633 998 1861 1079 ἰηἠξο.3
1912 997 2124 1061 Lectio
2161 998 2270 1078 jis:

493 1094 963 1224 pOtentiana
997 1096 1181 1177 virgo
1215 1096 1535 1159 Pudentis
1570 1099 1859 1161 Romani
1886 1099 2046 1160 ciuis
2079 1097 2212 1160 filia
2243 1117 2393 1160 curn
2446 1097 2612 1159 miro
2659 1116 2883 1158 amore

642 1183 887 1247 coleret
908 1183 1331 1250 christianam
1360 1184 1767 1267 religionem,
1797 1185 2030 1248 orbata
2064 1185 2448 1267 parentibus
2479 1205 2629 1246 cum
2666 1203 2886 1245 sorore

479 1289 599 1331 sua
633 1270 937 1332 Praxede
969 1271 1231 1333 assidue
1270 1272 1528 1352 ieiunijs
1582 1281 1650 1335 et
1696 1273 2107 1335 orationibus
2152 1292 2396 1335 vacans
2441 1291 2642 1333 omne
2687 1270 2886 1352 patri-

484 1357 781 1419 monium
845 1358 966 1419 sibi
1030 1378 1116 1419 ex
1181 1359 1544 1422 hereditate
1606 1359 1905 1422 relictum
1984 1359 2279 1422 vendidit
2347 1369 2413 1421 et
2489 1357 2889 1440 pauperibus

484 1443 831 1506 distribuit.
952 1445 1171 1507 Huius
1220 1466 1422 1527 opera
1482 1466 1521 1508 a
1587 1447 1705 1508 Pio
1762 1446 2073 1508 Romano
2124 1445 2437 1528 pontifice
2491 1454 2634 1508 tota
2683 1445 2889 1527 ipsius

485 1530 731 1593 familia
742 1531 828 1593 ad
841 1530 1177 1595 Christum
1205 1553 1524 1595 conuersa
1545 1545 1664 1608 est,
1685 1534 2134 1616 baptizatique
2158 1544 2309 1595 sunt
2330 1533 2666 1613 Vtriusque
2687 1551 2891 1594 sexus

481 1638 759 1680 numero
791 1619 978 1682 ,xcvi
1072 1619 1161 1681 Et
1192 1640 1341 1682 cum
1380 1621 1789 1683 Antoninus⁴
1825 1621 2359 1703 Piusimperator
2379 1620 2597 1682 edicto
2623 1618 2891 1701 publico

482 1706 814 1767 sanxisset
890 1716 961 1769 vt
1020 1706 1356 1768 christiani
1420 1708 1695 1789 priuatis
1755 1707 2090 1788 sacrificijs
2150 1709 2443 1770 contenti
2506 1727 2546 1768 a
2607 1705 2891 1788 publicis

481 1793 906 1867 abstinerent,
931 1793 1084 1855 Pius
1109 1794 1411 1875 pontifex
1433 1815 1564 1856 vna
1584 1815 1736 1856 cum
1764 1795 2137 1858 christianis
2162 1795 2225 1856 in
2249 1796 2453 1857 domo
2476 1793 2888 1867 Potentiane,

484 1899 667 1941 sacra
716 1879 1015 1943 faciebat.
1108 1879 1296 1962 Quos
1345 1902 1578 1944 omnes
1625 1883 1814 1964 virgo
1868 1883 2032 1944 mira
2083 1881 2399 1962 religione
2452 1890 2518 1943 et
2573 1881 2890 1942 comitate

484 1966 843 2047 recipiebat
876 1976 941 2028 et
976 1969 1340 2031 necessaria
1372 1969 1464 2030 eis
1495 1969 2058 2031 subministrabat.
2153 1968 2279 2031 His
2314 1969 2511 2049 igitur
2561 1969 2766 2048 virg0,
2813 1986 2891 2028 ac

485 2051 729 2115 talibus
760 2053 1035 2130 virtutiS,
1065 2065 1132 2117 et
1166 2056 1431 2137 pietatis
1462 2056 1772 2138 operibus
1794 2057 1909 2118 diu
1943 2055 2185 2128 functa,
2224 2056 2532 2136 migrauit
2565 2056 2649 2116 ad
2700 2053 2889 2115 dom-

486 2141 669 2202 inum
703 2149 768 2202 et
802 2141 993 2204 iuxta
1025 2151 1280 2223 patrem
1316 2143 1535 2205 suum5
1568 2145 1830 2225 sepulta
1860 2153 1960 2205 est
1990 2144 2099 2206 via
2139 2142 2393 2207 Salaria
2428 2142 2491 2204 in
2535 2142 2891 2204 cemeterio

488 2227 777 2289 Priscille
810 2228 989 2309 xiiij.
1022 2229 1340 2291 calendis⁰
1377 2230 1565 2311 Iunij.

985 2346 1053 2417 (Ι
1083 2341 1540 2405 Bernardinus
1566 2339 1925 2421 confi‘ssor.7
2015 2341 2225 2405 Lectio
2254 2342 2367 2423 dij.

502 2439 1029 2568 BErnardinus
1076 2443 1347 2504 natione
1382 2441 1591 2504 Italus
1640 2442 1835 2506 Senis
1867 2443 1932 2505 in
1969 2442 2234 2505 Etruria
2267 2440 2599 2504 nobilibus
2631 2450 2895 2521 parent-

643 2525 806 2602 ibus,
838 2536 905 2589 et
952 2529 1268 2591 diuitibus
1308 2539 1506 2604 ortuS‚
1541 2540 1679 2592 tam
1714 2529 2107 2592 venerabilis
2151 2538 2309 2603 erat,
2343 2548 2382 2589 a
2414 2548 2619 2610 puero
2666 2529 2897 2590 innata

486 2614 776 2695 quadam
812 2615 1179 2691 honestate,
1203 2625 1271 2679 et
1302 2618 1617 2680 viciorum
1653 2618 1809 2679 odio
1840 2627 1911 2680 vt
1944 2617 2476 2679 adolescentibus
2507 2618 2648 2678 eius
2671 2615 2898 2696 equal-

486 2703 634 2764 ibus
665 2704 716 2764 si
767 2702 934 2765 forte
967 2704 1031 2765 in
1065 2724 1179 2765 eos
1211 2704 1528 2766 lasciuum
1563 2705 1850 2786 aliquem
1887 2724 2258 2767 sermonem
2292 2703 2708 2766 conferentes
2740 2704 2899 2764 inci-

486 2790 706 2864 disset,
761 2788 900 2851 sola
955 2793 1285 2871 presentia
1339 2790 1674 2854 silentium
1738 2793 2127 2872 imponeret,
2180 2791 2281 2854 his
2336 2791 2551 2853 verbis
2606 2792 2776 2852 inter
2828 2809 2900 2851 se

485 2878 1066 2939 commonentibus
1087 2879 1126 2939 :⁸
1174 2878 1619 2941 Bernardinus
1657 2877 1863 2942 adest.
1955 2878 2177 2941 Tanta
2208 2887 2351 2941 erat
2398 2878 2590 2940 huius
2623 2879 2686 2940 in
2736 2897 2897 2958 pau-

483 2982 673 3043 peres
729 2962 972 3026 Christi
1027 2964 1420 3047 benignitaS,
1474 2976 1546 3029 vt
1606 2986 1763 3047 sepe
1824 2966 1951 3028 illis
2004 2968 2354 3046 prandium
2412 2965 2534 3028 sibi
2590 2973 2898 3046 paratum

486 3049 904 3113 distribuerit.
1028 3050 1196 3114 Cum
1260 3063 1484 3115 autem
1548 3073 1796 3134 magna
1872 3056 2101 3134 peste,⁹
2161 3072 2291 3133 que
2351 3061 2564 3115 totam
2633 3050 2897 3112 Italiam

484 3135 780 3199 inuasit¹⁰
843 3138 1037 3201 Senis
1061 3140 1638 3202 vehementissime
1664 3142 1921 3215 seuiret‚
1940 3150 2007 3202 et
2033 3140 2260 3202 relicto
2287 3134 2764 3202 Zenodochiou
2791 3136 2905 3200 illo

489 3224 728 3286 celebri
762 3245 802 3286 a
833 3227 1091 3287 cunctis
1116 3228 1432 3288 ministris
1457 3237 1840 3309 egrotantes
1865 3226 2326 3290 miserabiliter
2349 3225 2904 3301 conflictarentur,

489 3311 937 3374 Bernardinus
986 3323 1364 3393 egrotorum
1417 3335 1640 3376 curam
1679 3315 1742 3377 in
1795 3313 1954 3376 flore
1986 3315 2348 3377 iuuentutis
2397 3334 2548 3376 curn
2599 3312 2899 3374 omnium

487 3398 930 3461 admiratione
1006 3401 1199 3463 simul
1262 3411 1330 3463 et
1392 3402 1817 3463 miseratione
1894 3410 2163 3483 propter
2221 3402 2458 3482 ingens
2535 3398 2900 3481 periculum

489 3486 794 3566 suscepit.
888 3486 1151 3549 Deinde
1200 3490 1382 3550 omni
1432 3489 1805 3550 substantia
1856 3489 2258 3570 pauperibus
2306 3488 2679 3561 distributa,
2722 3485 2903 3548 beati

491 3574 824 3636 Francisci
857 3572 1243 3654 religionem
1279 3577 1586 3656 suscepit,
1617 3584 1685 3637 et
1733 3584 1944 3638 totam
1995 3574 2199 3639 ferme
2251 3574 2515 3637 Italiam
2552 3573 2904 3656 predicans

488 3659 909 3741 euangelium
962 3659 1204 3724 Christi
1246 3661 1568 3738 lustrauit,
1605 3661 1949 3743 multaque
1996 3664 2061 3725 in
2110 3663 2380 3724 nomine
2433 3661 2582 3724 Iesu
2615 3661 2806 3741 signa
2836 3669 2905 3722 et

487 3747 803 3810 miracula
831 3746 999 3810 fecit.
1091 3749 1258 3811 Tres
1280 3751 1703 3830 episcopatus
1726 3750 1847 3812 sibi
1875 3749 2136 3813 oblatos
2161 3749 2505 3811 recusauit.
2596 3747 2903 3810 Tandem

486 3836 624 3896 vita
656 3854 773 3915 per
804 3853 1076 3897 omnem
1124 3846 1372 3898 etatem
1406 3838 1823 3899 sanctissime
1860 3846 2048 3918 gesta
2082 3837 2393 3917 migrauit
2438 3834 2524 3897 ad
2558 3833 2907 3897 dominum

489 3922 552 3983 in
606 3919 764 3983 vrbe
829 3920 1148 4002 Αεμιίῐει,12
1192 3921 1301 3984 vbi
1364 3923 1662 4004 sepultus
1720 3934 1821 3986 est
1882 3922 2258 3986 honorifice.
2352 3923 2590 3984 Postea
2649 3941 2807 3983 vero
2869 3941 2910 3982 a

493 4008 551 4070 N
561 4007 773 4070 icolao
804 4010 1039 4088 quinto
1070 4008 1431 4092 catalogo¹3
1462 4020 1843 4073 sanctorum
1878 4012 2251 4092 adscriptus
2283 4019 2383 4072 est
2416 4006 2611 4089 xiij.¹4
2645 4007 2836 4088 Iunij.

585 4123 603 4155 ¹
640 4140 726 4173 se:
765 4135 841 4186 39.
871 4133 965 4172 etc.
1203 4156 1209 4162 -
1801 4123 1824 4154 ²
1856 4141 2067 4175 manus:
2103 4125 2214 4173 add.
2245 4137 2322 4188 39.
2352 4132 2446 4173 etc.

586 4187 608 4219 3
642 4189 725 4237 Di.
760 4202 833 4250 19.
865 4191 922 4238 in
947 4206 1011 4238 m.
1375 4189 1396 4219 ⁴
1429 4191 1710 4240 Antonius:
1749 4203 1825 4254 39.
1856 4204 1935 4252 41.
1966 4189 2044 4240 61.
2454 4187 2475 4218 ⁸
2510 4200 2682 4238 tuum:
2719 4200 2800 4250 43.

586 4252 608 4283 ⁶
641 4257 706 4303 So
727 4256 833 4303 alsa
859 4255 937 4303 61.
1043 4254 1326 4305 Calendas:
1364 4255 1442 4319 38.
1475 4269 1551 4320 39.
1583 4269 1663 4316 41.
1693 4256 1771 4305 60.
1802 4256 1879 4320 63.
1915 4255 1993 4304 66.
2068 4254 2276 4305 Calend.
2306 4267 2384 4317 43.
2414 4269 2492 4316 44.
2524 4268 2601 4316 49.
2632 4253 2709 4313 64.

585 4318 606 4351 ⁷
640 4320 721 4368 die
747 4333 823 4396 30.
855 4322 911 4369 in
936 4337 1000 4368 m.
1803 4320 1824 4350 ⁸
1857 4320 2316 4396 commonentibus:
2353 4332 2431 4383 43.

586 4384 1268 4514 ¹¹¹¹p231t1¹gdogl81io3=9⁸3gffet6g
1787 4384 1829 4481 :g
1860 4396 2142 4516 xffisstzz
2168 4385 2256 4514 ἐξ
2275 4464 2354 4512 41.
2385 4450 2463 4499 60.

587 4514 629 4545 ¹³
661 4518 859 4565 catalo:
897 4514 974 4577 38.
1073 4578 1078 4584 ⁴
1789 4515 1830 4547 ¹⁴
1862 4516 2129 4566 calendas:
2165 4518 2278 4566 add.
2309 4528 2387 4578 39.
2417 4524 2510 4565 etc.
