3293 5225
1085 459 1316 508 FERJA
1380 458 1666 519 QUJNTA
1727 458 2087 508 PASCJJAE.
2701 472 2796 522 139

386 614 819 696 piscationem
852 612 1063 694 redijt.
1157 612 1247 674 Et
1279 632 1429 674 cum
1462 612 1705 674 veritas
1736 611 1931 687 dicat,
1964 632 2163 674 nemo
2197 613 2468 676 mittens
2518 632 2817 676 manum‘

384 720 572 763 suam
623 701 709 764 ad
758 709 1068 775 aratrum,
1116 710 1184 761 et
1233 700 1562 781 aspiciens
1613 708 1803 775 retr0,
1851 708 2048 780 aptus
2101 708 2202 761 est
2251 719 2456 781 regno
2505 699 2629 776 dei,
2679 719 2794 762 cur

384 787 648 870 repetijt
681 787 859 870 quod
894 787 1206 867 reliquit?
1285 785 1420 849 Sed
1453 787 1508 849 si
1540 787 1747 849 virtus
1779 786 2192 848 discretionis
2226 787 2569 868 inspicitur
2598 786 2799 850 citius

382 875 642 937 videtur
694 875 850 956 quia
901 875 1212 936 nimirum
1268 874 1615 955 negocium
1669 872 1850 953 quod
1883 882 2039 935 ante
2092 874 2594 936 conuersionem
2648 874 2802 936 sine·

382 972 656 1044 peccato
688 962 933 1036 extitit,
964 961 1088 1023 hoc
1120 961 1322 1024 etiam
1357 973 1508 1042 post
1539 961 2040 1023 conuersionem
2075 970 2368 1042 repetere
2415 959 2610 1043 culpa
2657 981 2790 1023 non

382 1048 520 1112 fuit.
630 1049 807 1111 Nam
863 1049 1258 1130 piscatorem
1316 1048 1584 1110 Petrum
1640 1046 2019 1110 Mattheum
2074 1067 2231 1109 vero
2284 1046 2792 1114 thelonearium¹

381 1137 643 1200 scimus,
754 1136 843 1198 Et
904 1143 1055 1217 post
1114 1135 1616 1197 conuersionem
1682 1154 1868 1197 suam
1924 1135 2009 1196 ad
2066 1135 2499 1216 piscationem
2560 1135 2802 1197 Petrus

380 1222 605 1303 redijt.
694 1222 1034 1285 Mattheus
1065 1241 1220 1284 vero
1250 1221 1336 1283 ad
1369 1221 1658 1283 thelonei
1692 1222 2041 1304 negocium
2075 1242 2206 1283 nou
2241 1219 2525 1285 resedit.2
2616 1220 2794 1303 Quia

380 1310 556 1372 aliud
606 1322 707 1372 est
753 1311 1000 1371 victum
1055 1329 1170 1391 per
1217 1309 1653 1391 piscationem
1704 1327 1975 1388 querere
2023 1309 2202 1371 aliud
2253 1308 2544 1371 thelonei
2599 1309 2795 1371 lucris

383 1398 696 1479 pecunias
727 1416 986 1480 augere.
1079 1395 1251 1459 Sunt
1283 1397 1460 1458 enim
1495 1394 1809 1477 pleraque
1843 1396 2120 1477 negocia
2147 1415 2282 1476 que
2313 1396 2455 1458 sine
2501 1397 2793 1478 peccatis

379 1483 697 1559 exhiberi,
728 1492 843 1546 aut
881 1483 1014 1558 vix,
1047 1492 1161 1545 aut
1188 1482 1563 1545 nullatenus
1589 1491 1883 1565 possunt.
1976 1480 2124 1563 Que
2149 1503 2307 1563 ergo
2331 1481 2417 1544 ad
2444 1492 2791 1565 peccatum

381 1568 765 1653 implicant,3
796 1570 881 1632 ad
915 1570 1036 1632 hec
1071 1590 1339 1632 necesse
1362 1580 1464 1631 est
1495 1578 1565 1632 vt
1598 1578 1751 1651 post
1795 1570 2298 1632 conuersionem
2347 1572 2608 1632 animus
2657 1590 2791 1633 non

378 1667 680 1720 recurrat.
772 1657 977 1740 Queri
1009 1658 1211 1719 etiam
1245 1667 1482 1739 potest,
1514 1677 1629 1719 cur
1662 1656 2003 1737 discipulis
2034 1657 2100 1718 in
2136 1657 2300 1718 mari
2335 1657 2793 1720 laborantibus

380 1755 530 1825 post
597 1746 1141 1807 resurrectionem
1232 1764 1421 1805 suam
1512 1743 1822 1805 dominus
1906 1744 1970 1805 in
2045 1743 2264 1806 littore
2335 1746 2534 1820 stetit,
2610 1745 2806 1824 quia*

377 1841 530 1893 ante
562 1832 1104 1894 resurrectionem
1139 1850 1326 1893 suam
1361 1850 1584 1892 coram
1618 1829 1957 1913 discipulis
1991 1831 2123 1892 suis
2156 1830 2221 1892 in
2248 1830 2555 1893 fluctibus
2589 1831 2799 1893 maris.

376 1919 791 1981 ambulauit?
883 1918 1088 1981 Cuius
1121 1919 1208 1980 rei
1244 1919 1412 1979 ratio
1444 1917 1682 1979 festine
1713 1919 2137 1998 cognoscitur
2167 1919 2221 1980 si
2262 1919 2406 2000 ipsa
2452 1937 2580 1998 que
2629 1928 2787 1980 tunc

376 2006 584 2067 inerat
631 2026 830 2067 causa
876 2016 1205 2088 pensetur.
1299 2002 1479 2085 Quid
1526 2005 1704 2066 enim
1758 2025 1937 2066 mare
1988 2005 2110 2067 nisi
2169 2025 2437 2087 presens
2489 2006 2785 2067 seculum

375 2091 680 2174 designat
712 2092 892 2173 quod
925 2113 995 2154 se
1026 2111 1373 2154 causarum
1409 2092 1802 2154 tumultibus
1834 2099 1901 2153 et
1932 2090 2126 2154 vndis
2148 2093 2298 2161 ‚vite
2345 2092 2790 2175 corruptibilis

376 2178 610 2243 illidit.⁵

1462 2316 1706 2379 Oratio.

388 2427 664 2555 DEus
742 2429 854 2509 qui
932 2448 1053 2491 nos
1130 2428 1620 2491 resurrectionis
1698 2427 2028 2490 dominice
2103 2448 2327 2491 annua
2386 2428 2787 2492 solennitate

550 2514 842 2591 letificas,
903 2517 1195 2578 concede
1255 2515 1616 2598 propitius:
1683 2525 1753 2577 vt
1807 2536 1923 2597 per
1975 2516 2367 2596 temporalia
2429 2515 2595 2578 festa
2657 2536 2786 2596 que

370 2603 629 2684 agimus
661 2595 1006 2685 perdenire
1038 2602 1122 2665 ad
1157 2603 1402 2686 gaudia
1432 2614 1661 2665 eterna
1695 2623 2079 2666 mereamur.
2172 2600 2332 2684 per.⁶

671 2747 739 2817 (I
784 2741 983 2804 Ferz‘a
1011 2742 1242 2824 quinta
1273 2741 1349 2803 de
1378 2751 1603 2803 octaua
1633 2762 1712 2802 ex
1745 2737 2018 2804 Genesi?
2048 2740 2225 2803 lectio
2240 2740 2486 2821 prima.

518 2852 794 2917 Scendit
826 2863 1049 2916 autem
1086 2854 1276 2916 Isaac
1323 2875 1409 2915 ex
1461 2854 1573 2916 illo
1620 2853 1769 2915 loco
1820 2854 1883 2915 in
1936 2852 2263 2915 Bersabee
2410 2872 2540 2933 que
2586 2853 2796 2916 ambe·

412 2976 417 2981 -
544 2940 964 3003 offenderant
995 2942 1293 3004 animum
1334 2941 1521 3003 Isaac
1554 2950 1622 3003 et
1657 2940 1977 3003 Rebecce.

930 3083 998 3153 (I
1047 3076 1414 3141 Secundum
1445 3074 1800 3140 loannem.⁸
1889 3075 2104 3137 Lectio
2135 3075 2218 3156 js.

373 3189 615 3318 VNa
647 3199 871 3252 autem
905 3190 1166 3253 sabbati
1204 3190 1417 3251 Maria
1454 3187 1858 3272 Magdalene
1890 3189 2071 3250 venit
2115 3207 2310 3250 mane
2459 3188 2615 3268 quia
2647 3190 2782 3250 vidi

534 3275 881 3339 dominum
915 3287 981 3339 et
1013 3278 1132 3339 hec
1166 3277 1341 3340 dixit
1375 3277 1553 3339 mihi.

914 3420 979 3489 (Ι
1038 3413 1261 3475 Tertia
1293 3413 1469 3475 lectio
1498 3413 1848 3475 secundum
1881 3410 2234 3474 Ioannemss’

451 3524 511 3585 N
563 3524 675 3588 illo
722 3533 1023 3606 tempore
1060 3525 1273 3587 Maria
1322 3524 1545 3587 stabat
1595 3526 1679 3587 ad
1739 3533 2248 3586 monumentum
2289 3523 2444 3586 foris
2494 3523 2777 3605 plorans,

479 3612 569 3674 Et
604 3611 867 3693 reliqua.

1034 3748 1337 3811 Homilz'a
1365 3748 1581 3812 sancti
1612 3747 1674 3809 G
1677 3748 1921 3830 regorg'j
1926 3758 2106 3828 pape.

380 3860 711 3988 MAria
767 3860 1170 3943 Magdalene
1223 3880 1353 3942 que
1392 3860 1602 3923 fuerat
1655 3862 1719 3922 in
1757 3860 2048 3923 Ciuitate
2097 3860 2458 3943 peccatriX,
2489 3861 2793 3923 amando

572 3948 921 4010 veritatem
961 3947 1122 4011 lauit
1156 3947 1511 4027 lachrymis
1552 3948 1844 4009 maculas
1877 3947 2186 4023 criminiS,
2217 3956 2284 4010 et
2315 3968 2450 4009 vox
2486 3947 2781 4011 veritatis

368 4034 678 4116 impletur
708 4033 888 4116 que¹⁰
918 4035 1173 4099 dicitur.
1265 4034 1562 4096 Dimissa
1607 4046 1762 4098 sunt
1794 4035 1852 4097 ei
1885 4045 2158 4116 peccata
2207 4033 2431 4110 multa,
2464 4036 2778 4115 quoniam

367 4120 603 4184 dilexit
647 4121 975 4185 multum:
1023 4142 1154 4203 que
1202 4122 1379 4184 enim
1433 4121 1672 4203 frigida
1727 4122 1906 4204 prius
1962 4120 2303 4203 peccando
2357 4131 2791 4198 remanserat,

461 4279 477 4308 ¹
514 4281 842 4329 telonarium:
878 4293 958 4342 41.
986 4294 1066 4344 43.
1096 4280 1174 4329 61.
1605 4278 1627 4309 '·'
1663 4280 1878 4329 recedit:
1915 4279 1992 4329 66.

461 4344 957 4459 Zss'piiffiffssufaffi
994 4410 1026 4459 6
1602 4344 2050 4459 ἒὲιῗιίιέεξῖῗιῧᾱ
2230 4422 2261 4471 9
2306 4409 2371 4458 60
2415 4409 2474 4458 61
2524 4410 2556 4458 6

459 4474 482 4569 ἔ
514 4428 664 4535 [xivi.
696 4448 899 4539 23-35]
951 4448 963 4460 ο
1028 4424 1072 4474 3·
1606 4475 1626 4504 ⁸
1662 4477 1748 4525 Ca.
1782 4489 1845 4523 20
1869 4446 1924 4523 iic
1953 4492 2016 4523 m.
2044 4425 2166 4535 [ἐξ
2184 4425 2349 4536 Ill—1⁸8]
2372 4447 2385 4459 .
2483 4446 2494 4458 ι
2558 4424 2606 4471 4·

515 4541 601 4591 Ca.
633 4554 708 4590 20.
741 4543 797 4589 in
823 4558 886 4589 m.
1588 4539 1625 4569 ¹⁰
1660 4557 1793 4605 qua:
1831 4553 1908 4603 39.
1930 4552 2023 4588 etc.
