3293 5225
948 458 1467 509 PSALTERIVM:
1521 457 1620 507 IN
1665 453 1896 506 FERIA
1960 456 2265 519 QUINTA.
2752 468 2810 505 21

1272 659 1339 729 (Ι
1386 651 1729 717 ¹Psalmus
1756 649 1903 732 ‚729

553 766 731 829 Vam
763 763 1213 916 boinusslsrael
1361 765 1752 828 annuntiem
1784 783 2016 828 omnes
2048 763 2534 847 predicationes
2565 772 2715 827 tuas
2749 764 2815 826 in

580 853 791 936 portis
869 853 952 917 lie
1039 854 1169 918 ion.

1319 987 1384 1058 Π
1427 981 1771 1044 ”Psalmus
1800 982 1920 1044 .88.

590 1094 1010 1158 Isericordias
1069 1095 1324 1159 domini
1386 1095 1452 1156 in
1514 1102 1815 1157 eternum
1879 1092 2166 1156 cantabo
2371 1092 2683 1156 dominus
2755 1093 2820 1155 in

613 1190 916 1245 eternum
943 1180 1094 1245 :fiat
1125 1180 1257 1246 fiat.

1057 1342 1124 1412 (Ι
1168 1336 1295 1399 Ad
1315 1334 1618 1399 Laudes,⁴
1706 1333 2025 1397 Psalmus
2054 1351 2172 1414 .99.

426 1446 761 1575 IVbilate
793 1448 943 1511 Deo
980 1449 1198 1511 omnis
1230 1457 1402 1511 terra
1551 1456 1617 1509 et
1648 1446 2146 1527 generationem
2178 1446 2421 1508 veritas
2451 1445 2610 1509 eius,

1274 1653 1341 1723 (Ι
1385 1645 1728 1708 ‘psalmus
1757 1694 1770 1708 .
1785 1660 1920 1711 102.

539 1757 796 1821 Enedic
827 1759 1051 1821 anima
1084 1779 1234 1822 mea
1263 1759 1537 1822 domino
1686 1758 1751 1819 in
1785 1757 1966 1819 omni
2001 1756 2147 1821 loco
2179 1756 2655 1821 dominationis
2686 1756 2827 1821 eius

566 1845 846 1909 benedic
879 1847 1106 1909 anima
1139 1866 1289 1910 mea
1318 1846 1612 1910 domin0.

1234 1989 1301 2059 ΙΙ
1353 1981 1697 2048 Canticum
1730 1982 1822 2044 M
1816 1982 1994 2062 oysi.⁶

412 2092 875 2225 CAntemus
928 2094 1204 2158 domino
1256 2094 1543 2176 gloriose
1594 2095 1772 2158 enim
1822 2093 2287 2176 magnificatus
2345 2103 2448 2156 est
2595 2093 2828 2157 ambu-

569 2180 875 2244 lauerunt
908 2202 1025 2265 per
1054 2183 1303 2245 siccum
1337 2183 1402 2244 in
1439 2181 1660 2245 medio
1690 2181 1849 2245 eius,

540 2268 819 2331 Deinde?
898 2268 1341 2333 BenedictuS.⁸
1435 2269 1550 2333 Fo.
1578 2288 1640 2347 4.

800 2411 867 2481 (Ι
913 2405 974 2467 A
985 2406 1037 2468 d
1051 2407 1388 2487 primam.⁰
1479 2404 1879 2486 Antszlzona.
1973 2405 2376 2469 DominuS.²⁰

1349 2524 1416 2594 (Ι
1463 2518 1778 2581 Psalmus
1807 2519 1883 2582 .8.

424 2630 807 2760 DOmine
837 2630 1148 2694 dominus
1179 2640 1421 2706 noster,
1450 2649 1655 2712 quam
1701 2630 2092 2694 admirabile
2122 2639 2224 2693 est
2256 2650 2500 2694 nomen
2534 2639 2726 2695 tuum
2758 2631 2825 2694 in

587 2718 896 2781 vniuersa
948 2724 1172 2781 terra?
1355 2736 1558 2800 quam
1613 2717 2003 2781 admirabile
2058 2726 2157 2780 est
2210 2737 2456 2781 nomen
2507 2728 2697 2782 tuum
2755 2718 2821 2781 in

407 2806 718 2869 vniuersa
751 2814 941 2868 terra.

1306 2948 1373 3018 (Ι
1419 2915 1784 3005 ”psalmus
1810 2941 1930 3007 .26.

561 3054 849 3119 Ominus
895 3051 1294 3118 illuminatio
1340 3075 1489 3118 mea
1533 3063 1602 3116 et
1648 3054 1826 3117 salus
1861 3073 2007 3117 mea
2154 3063 2223 3117 et
2270 3053 2676 3118 confortetur
2712 3074 2825 3119 cor

589 3154 799 3217 tuum,
828 3150 896 3204 et
925 3142 1177 3205 sustine
1206 3141 1571 3207 dominum.

510 3275 529 3307 ¹
564 3278 644 3327 De
666 3276 1006 3336 instructione,
1033 3293 1184 3352 quare
1218 3277 1338 3327 mali
1370 3288 1421 3327 et
1454 3277 1613 3343 iniqui
1649 3276 1988 3342 temporaliter
2020 3275 2104 3326 hic
2138 3285 2528 3342 prosperantur:
2564 3276 2682 3326 boni
2705 3292 2824 3326 vero

399 3351 455 3393 et
478 3342 596 3436 ³¹3⁵&
619 3359 647 3391 e
669 3358 910 3456 coguerso
930 3342 1270 3455 rgulnpliciter
1294 3343 1591 3392 tribulantur
1615 3362 1627 3392 ι
1654 3350 1740 3406 pr.
1769 3342 1848 3391 61.
1879 3351 1972 3392 etc.

563 3420 656 3456 22:
694 3420 724 3470 3
760 3445 773 3457 .
846 3419 875 3468 7
899 3426 912 3456 ε
982 3420 1027 3471 3.

503 3470 529 3501 ³
562 3473 643 3522 De
663 3472 998 3523 misericordia
1022 3481 1070 3522 et
1093 3473 1299 3523 veritate
1324 3472 1440 3532 Dei,
1467 3489 1527 3523 ac
1550 3474 1613 3523 de
1648 3473 1921 3523 mutatione
1944 3472 2124 3522 veteris
2157 3473 2460 3532 testamenti,
2485 3481 2536 3522 et
2557 3472 2820 3523 confirma·

396 3538 542 3587 tione
582 3538 736 3588 noui:
777 3550 826 3588 et
860 3537 923 3588 de
957 3553 1064 3603 spe,
1100 3554 1249 3603 quam
1283 3538 1335 3587 in
1370 3538 1571 3589 Christo
1602 3539 1863 3597 habemus,
1899 3544 1950 3587 et
1983 3538 2094 3603 alijs
2133 3538 2231 3587 Dei
2268 3537 2523 3602 beneficijs
2556 3537 2817 3603 pluribus:

384 3612 481 3668 pr·
504 3604 776 3718 pagg&
797 3668 1111 3718 adiutorium.
1184 3669 1517 3728 Antiphona:
1547 3670 1659 3717 add.
1690 3668 1770 3732 63.

507 3734 748 3784 Inuitatio
778 3733 1073 3799 generaliter
1102 3735 1329 3784 omnium
1353 3734 1609 3785 hominum
1642 3734 1709 3784 ad
1742 3733 2107 3784 confessionem
2141 3741 2478 3798 peccatorum,
2503 3743 2555 3784 et
2578 3733 2645 3784 ad
2667 3733 2816 3785 deum

392 3815 522 3850 cum
547 3800 850 3849 exultatione
872 3809 922 3849 et
942 3799 1198 3849 alacritate
1221 3800 1526 3849 laudandum
1547 3818 1562 3850 z
1596 3801 1709 3849 add.
1737 3799 1817 3849 61.
1847 3807 1940 3848 etc.

502 3862 527 3893 ⁵
562 3864 815 3915 Excitatio
833 3865 899 3914 ad
925 3863 1019 3913 Dei
1044 3864 1264 3926 laudem,
1287 3873 1337 3914 et
1359 3865 1627 3930 gratiarum
1651 3864 1897 3914 actionem
1924 3879 2013 3929 pro
2047 3862 2215 3913 multis
2248 3863 2504 3930 beneficijs
2536 3864 2733 3916 collatis
2766 3875 2816 3915 et

395 3929 726 3980 conferendis
747 3930 797 3979 in
821 3929 1052 3979 omnibus
1074 3930 1179 3980 eius
1200 3930 1433 3995 operibus
1454 3948 1467 3979 ε
1494 3937 1579 3993 pr.
1609 3930 1688 3978 61.
1718 3938 1811 3978 etc.

499 3992 526 4025 ⁸
562 3995 687 4045 Exo.
723 4006 778 4059 15
824 3997 882 4044 in
905 4011 971 4044 m.
1000 4011 1154 4058 many
1173 3997 1277 4045 edd.
1305 4012 1397 4044 om.
1428 3995 1507 4058 38.
1535 3995 1613 4058 63.
1687 3994 1873 4056 [Exod.
1903 4011 1983 4042 xv.
2017 3995 2185 4057 1-19.]

499 4059 524 4092 ⁷
564 4062 866 4110 Canticum:
900 4061 1015 4109 add.
1040 4073 1121 4124 43.
1150 4060 1229 4123 63.

501 4124 525 4156 ⁸
559 4127 672 4187 [See
693 4141 743 4190 p.
770 4126 846 4187 4.]
911 4125 1210 4189 Antiphona
1236 4127 1411 4175 Oratio
1439 4126 1878 4175 Commemoratioz
1913 4126 2026 4174 add.
2054 4124 2134 4188 63.

490 4188 517 4221 ⁹
553 4192 702 4240 Pater
722 4202 905 4240 noster.
976 4192 1085 4240 Aue
1108 4190 1277 4240 maria.
1350 4191 1490 4241 Deus
1512 4190 1565 4240 in
1584 4190 1902 4241 adiutorium.
1976 4191 2083 4239 Iam
2108 4189 2246 4240 lucis.
2320 4201 2382 4255 5:
2417 4191 2529 4240 achi.
2557 4190 2641 4254 63.

503 4253 548 4286 ¹⁰
580 4255 917 4306 illuminatio:
950 4256 1062 4304 add.
1092 4268 1170 4319 39.

500 4322 586 4371 De
611 4320 801 4371 Christi
842 4320 1230 4386 magnificentia,
1254 4322 1462 4380 honore,
1498 4331 1549 4370 et
1587 4321 1763 4386 gloria,
1801 4321 1940 4370 cuius
1973 4321 2135 4385 gratia
2170 4329 2220 4370 et
2254 4320 2435 4370 virtute
2469 4320 2740 4370 constituta
2771 4330 2822 4371 et

388 4389 735 4438 corroborata
757 4395 833 4437 est
855 4387 1149 4436 vniuersalis
1173 4387 1396 4437 Ecclesia
1418 4406 1430 4436 z
1466 4388 1577 4435 add.
1607 4388 1687 4435 61.
1717 4395 1812 4436 etc.

500 4451 541 4483 ²¹
582 4453 663 4500 De
698 4450 988 4501 fortitudine
1026 4461 1076 4500 et
1110 4453 1389 4501 constantia
1423 4452 1473 4501 in
1508 4451 1751 4511 aduersis,
1775 4461 1825 4501 et
1862 4450 2218 4501 tentationibus
2251 4449 2366 4500 vitae
2397 4450 2654 4515 praesentis
2674 4466 2734 4501 ac
2754 4450 2819 4501 de

384 4518 653 4585 profectu,
680 4526 730 4566 et
755 4517 1119 4582 perseuerantia
1142 4517 1193 4566 in
1215 4516 1477 4567 virtutibus
1498 4527 1548 4567 et
1572 4517 1718 4567 bonis
1739 4536 1751 4566 :
1778 4525 1863 4581 pr.
1893 4517 1972 4566 61.
2001 4527 2096 4566 etc.
