3293 5225
652 454 747 504 332
815 443 908 490 SS.
948 441 1261 500 PETRUS,
1302 440 1463 489 ETC.
1505 440 1597 488 SS.
1644 440 2071 490 CORNELIUS
2103 440 2213 488 ET
2244 439 2691 490 CYPRIANUS.
2770 438 2966 498 [SEPT.
3010 449 3075 497 17.

655 593 955 657 Christus
988 614 1104 656 rex
1139 614 1226 655 ex
1261 591 1427 653 solio
1459 611 1579 653 suo
1609 591 1792 653 venit
1826 592 1890 653 in
1922 599 2179 654 vterum
2213 601 2421 655 tuum.
2515 590 2628 653 Ex
2666 590 2824 652 sinu
2860 590 3085 671 patris,

657 682 720 743 in
756 691 1014 743 vterum
1049 680 1362 761 dignatus
1386 689 1486 741 est
1517 677 1917 741 descendere
1951 680 2195 741 matris

768 835 835 905 (Ι
881 830 1124 892 Petrus
1152 828 1514 891 Dorotheus
1543 838 1605 889 et
1641 827 2007 908 Gorgonius
2039 838 2370 908 martyres.
2461 826 2676 889 Lectio
2722 824 2975 888 tertia}

671 943 981 1070 PEtrus
1074 942 1470 1016 DorotheuS,
1544 951 1612 1002 et
1704 940 2083 1021 Gorgonius
2177 940 2576 1002 Diocletiani
2657 940 3089 1021 imperatoris

835 1028 1213 1108 cubicularij
1297 1027 1492 1091 suere.
1630 1025 1932 1108 Quorum
2016 1029 2245 1090 Petrus
2333 1047 2485 1089 cum
2578 1027 2663 1090 de
2760 1029 3089 1105 martyrio

658 1115 983 1179 cuisdam²
1079 1117 1218 1190 viri,
1293 1116 1403 1196 qui
1508 1114 1916 1190 Nicomedie,
1991 1115 2098 1176 vbi
2178 1114 2296 1176 hec
2359 1124 2547 1196 gesta
2621 1123 2804 1188 sunt,
2870 1115 3089 1175 edicta

661 1205 1130 1286 imperatorum
1179 1201 1496 1264 aduersus
1527 1201 1941 1264 Christianos
1973 1203 2035 1263 in
2072 1201 2214 1264 soro
2247 1201 2606 1283 pendentia
2637 1201 3089 1282 discerpserat

661 1291 868 1353 multa
904 1290 1167 1352 liberius
1215 1290 1604 1370 loqueretur,
1658 1298 1893 1369 captus
1946 1289 2075 1369 dijs
2129 1288 2472 1351 immolare
2522 1288 2808 1350 iubetur.
2944 1287 3094 1369 Quo

662 1388 962 1440 recusato
1023 1397 1356 1459 appensus
1417 1386 1553 1437 tam
1602 1375 1953 1439 crudeliter
2012 1375 2234 1456 flagris
2294 1375 2565 1450 ceditur,
2640 1385 2712 1436 vt
2780 1377 3089 1437 concissa

663 1465 831 1547 pelle
863 1485 1094 1526 carnes
1126 1465 1325 1526 etiam
1363 1460 1765 1525 lanirentur.³
1886 1462 2039 1544 Quo
2072 1463 2396 1544 supplicio
2426 1482 2577 1524 cum
2627 1461 2832 1523 nihil*
2862 1462 3089 1523 christi

662 1551 1076 1614 consessione
1109 1550 1562 1624 retraheretur,
1594 1550 1879 1612 nudatas
1903 1570 2133 1612 carnes
2157 1559 2364 1622 acet0‚
2383 1559 2450 1612 et
2482 1549 2617 1611 sale
2644 1548 3091 1630 perfunditur,

662 1658 948 1719 cumque
1011 1640 1135 1700 hoc
1194 1639 1395 1699 etiam
1473 1646 1855 1699 constanter
1914 1637 2274 1712 tolerasset,
2336 1637 2399 1697 in
2478 1637 2801 1698 craticula
2861 1639 3095 1718 prunis

664 1725 889 1787 subter
949 1723 1197 1800 strato?
1261 1725 1440 1787 lento
1495 1724 1629 1804 igni
1694 1725 2037 1800 cruciatur,
2097 1722 2515 1785 carnificibus
2574 1742 2728 1785 eum
2800 1723 3094 1786 subinde

663 1812 1094 1886 versantibus,
1125 1811 1336 1874 donec
1383 1811 1796 1893 consumptis
1851 1812 1986 1892 igni
2040 1811 2348 1873 carnibus
2398 1811 2715 1872 invictum
2778 1812 3093 1892 spiritum

666 1900 731 1961 in
769 1897 896 1960 fide
930 1899 1098 1960 letus
1128 1898 1488 1961 exhalauit.
1611 1897 1766 1978 Quo
1799 1898 2177 1980 spectaculo
2229 1899 2509 1980 permoti
2564 1896 2996 1972 Dorotheu5‚
3042 1907 3098 1960 et

667 1964 1047 2067 Gorgonius
1082 1985 1571 2047 Diocletianum
1606 2005 1757 2047 cum
1793 2005 2054 2047 summa
2085 1985 2461 2047 constantia
2506 1993 2572 2047 et
2625 1984 2957 2047 libertate
3008 1985 3101 2046 his

667 2073 882 2135 verbis
957 2072 1399 2153 alloquuntur.
1536 2070 1670 2134 Cur
1746 2073 2102 2154 imperator
2162 2072 2357 2153 punis
2418 2072 2483 2133 in
2565 2071 2761 2133 Petro
2849 2074 3100 2134 mentis

667 2160 1063 2222 sententiam
1126 2179 1255 2240 que
1304 2159 1494 2220 nobis
1554 2169 1654 2221 est
1714 2179 1864 2221 cum
1929 2159 2042 2220 illo
2101 2159 2528 2221 communis?
2647 2157 2790 2221 Cur
2862 2160 2938 2221 in
2993 2160 3099 2221 illo

667 2248 913 2309 crimen
947 2247 1224 2322 ducitur,
1255 2246 1435 2327 quod
1486 2266 1608 2307 nos
1658 2246 1883 2309 itidem
1932 2244 2377 2309 confitemur?
2473 2245 2627 2307 Hec
2677 2245 2887 2307 nobis
2942 2245 3106 2309 fides

667 2334 772 2395 hic
827 2333 1059 2408 cultus,
1107 2333 1226 2395 hec
1277 2335 1652 2396 communis
1702 2334 2045 2396 sententia.
2160 2332 2348 2413 Quos
2402 2332 2510 2395 ille
2563 2334 3102 2414 comprehensos

666 2421 990 2482 similibus
1021 2420 1361 2503 supplicijs
1393 2419 1684 2496 affectOS,
1716 2420 1801 2483 ad
1855 2420 2159 2481 Vltimum
2214 2420 2452 2500 laqueo
2507 2420 2693 2481 iussit
2747 2440 3105 2502 appensos

670 2509 886 2569 necari
922 2529 995 2571 .v.
1029 2507 1176 2570 idus
1211 2507 1638 2590 Septembris,

662 2680 729 2750 (Ι
768 2673 1099 2739 Cornelius
1122 2686 1305 2757 papa
1342 2684 1406 2737 et
1441 2674 1812 2756 Cyprianus
1841 2674 2194 2755 Episcopus
2236 2671 2599 2753 martyresfi
2704 2671 2940 2736 Lectio
2994 2675 3104 2756 .igj.

798 2786 1108 2851 Ornelius
1142 2787 1355 2869 patria
1391 2787 1738 2849 Romanus
1772 2785 2233 2869 pontificatum
2278 2786 2484 2866 gessit
2532 2795 2845 2866 tempore
2898 2785 3097 2866 Decij

844 2875 1277 2957 imperatoris
1329 2874 1461 2936 Hic
1488 2895 1637 2937 cum
1670 2874 1925 2936 Lucina
1952 2883 2256 2935 matrona
2282 2872 2701 2934 sanctissima
2726 2871 3097 2935 beatorum

670 2962 844 3024 Petri
878 2972 945 3024 et
981 2962 1163 3024 Pauli
1196 2981 1475 3043 corpora
1506 2983 1546 3023 a
1580 2961 2075 3032 Cathacumbis‚
2107 2961 2218 3022 vbi
2253 2961 2474 3022 minus
2521 2968 2666 3021 tuta
2697 2979 2852 3021 esse
2909 2959 3101 3023 vide·

667 3050 926 3125 bantur,
974 3049 1144 3111 clam
1201 3048 1460 3112 extulit.
1554 3048 1856 3129 Quorum
1911 3048 2188 3109 Paulum
2249 3047 2504 3109 Lucina
2559 3046 2623 3107 in
2675 3045 2925 3127 predio
2979 3068 3104 3110 suo

665 3137 772 3198 via
822 3134 1117 3199 Ostiensi
1166 3156 1298 3198 non
1348 3135 1547 3214 longe
1608 3157 1649 3198 a
1695 3135 1842 3197 loco
1887 3135 1998 3197 vbi
2046 3134 2259 3197 fuerat
2305 3135 2563 3196 occisus
2610 3143 2878 3215 petrum
2938 3154 3100 3196 vero

667 3222 1012 3287 Cornelius
1045 3242 1176 3285 non
1211 3223 1407 3305 longe
1440 3243 1479 3284 a
1513 3224 1660 3285 loco
1700 3224 1810 3286 vbi
1856 3221 2068 3284 fuerat
2114 3221 2288 3284 cruci
2337 3220 2579 3283 affixus
2626 3234 3103 3302 reposuerunt.

674 3310 922 3372 Decius
953 3321 1177 3373 autem
1211 3310 1481 3390 cognito
1527 3310 1708 3391 quod
1758 3308 2103 3373 Cornelius
2152 3309 2400 3372 multos
2446 3307 2530 3370 ad
2581 3305 2780 3369 fidem
2836 3306 3097 3370 Christi

670 3407 1103 3472 conuerteret,
1137 3396 1627 3460 Centumcellas
1663 3417 1812 3459 eum
1842 3396 2020 3459 misit
2054 3397 2115 3458 in
2144 3395 2439 3458 exilium.
2530 3394 2665 3456 Vbi
2699 3392 3099 3473 Cyprianus

669 3484 1192 3566 carthaginensis
1223 3486 1574 3567 episcopus
1607 3485 1826 3566 ipsum
1863 3504 1977 3566 per
2010 3483 2231 3545 literas
2274 3481 2657 3544 consolatus
2707 3489 2828 3543 est.
2954 3481 3095 3545 Sed

670 3571 795 3633 hoc
819 3570 1156 3634 intellecto
1179 3571 1427 3633 Decius
1450 3572 1833 3633 missionem
1855 3581 1922 3633 et
1948 3570 2403 3632 remissionem
2428 3568 2763 3631 literarum
2787 3568 3096 3649 maligne

670 3659 1156 3740 interpretatuS,
1188 3658 1570 3722 Cornelium
1607 3660 1943 3720 reuocauit
1985 3659 2173 3738 quasi
2230 3654 2473 3719 rerum7
2515 3655 2650 3717 lese
2697 3656 3097 3720 maiestatis,

677 3745 1040 3827 Ipsumque
1102 3746 1466 3827 plumbatis
1513 3746 1659 3807 cedi
1714 3766 1791 3806 ac
1854 3744 2095 3807 deinde
2156 3743 2241 3806 ad
2309 3744 2545 3805 Martis
2607 3742 3092 3805 simulachrum

671 3832 1116 3895 odorandumss
1186 3834 1337 3895 duci
1414 3832 1613 3896 iubet.
1747 3831 1948 3912 Quod
2024 3852 2175 3894 cum
2254 3831 2467 3893 facere
2542 3830 3095 3892 constantissime

672 3930 998 3983 recusaret
1021 3921 1172 3983 ‚xvii
1177 3920 1220 4000 j.
1242 3919 1556 3982 calendas
1576 3919 1865 3981 octobris
1899 3920 2116 4001 capite
2148 3929 2493 3981 truncatus
2523 3938 2561 3978 a
2589 3917 2787 3979 beata
2812 3916 3094 3980 Lucina.

671 4027 821 4068 cum
867 4008 1263 4087 quibusdam
1319 4006 1568 4069 clericis
1619 4016 1818 4068 noctu
1877 4006 2188 4088 sepelitur
2244 4007 2305 4066 in
2362 4006 2662 4066 arenario
2716 4003 2935 4085 predij
2997 4005 3095 4066 sui

673 4114 806 4155 non
831 4094 1026 4177 longe
1053 4115 1091 4156 a
1124 4095 1478 4157 cemeterio
1511 4093 1762 4157 Calisti.
1856 4092 2045 4157 Sedit
2077 4103 2301 4154 autem
2337 4111 2549 4154 annos
2581 4091 2663 4171 .ij.
2698 4111 2971 4154 menses
3016 4092 3095 4172 .ij.

671 4182 814 4244 dies
846 4182 950 4262 .iij.

768 4308 783 4339 ¹
821 4309 888 4358 di.
924 4309 995 4358 16.
1028 4311 1084 4357 in
1109 4326 1173 4357 m.
2105 4304 2127 4336 ²
2159 4306 2450 4355 cuiusdam:
2488 4303 2566 4367 38.
2595 4313 2690 4354 etc.

767 4374 787 4401 ²⁸
822 4377 886 4422 So
908 4378 1010 4423 also
1032 4374 1109 4437 38.
1171 4374 1502 4423 laniarentur:
1541 4385 1620 4435 39.
1649 4382 1742 4422 etc.
2109 4372 2129 4400 ⁴
2161 4388 2225 4420 a:
2262 4372 2373 4420 add.
2404 4370 2486 4433 38.
2510 4378 2605 4419 etc.

771 4439 790 4468 ³
824 4441 889 4487 So
910 4443 1012 4488 also
1036 4439 1112 4503 38.
1187 4448 1371 4490 strata:
1410 4452 1486 4502 39.
1516 4450 1610 4489 ete.
2106 4435 2128 4465 ⁶
2160 4438 2228 4486 di.
2264 4448 2336 4497 17.
2368 4438 2425 4484 in
2450 4453 2515 4484 m.

823 4521 958 4554 reum
982 4524 994 4555 ε
1033 4504 1109 4568 38.
1139 4516 1233 4555 etc.
2108 4500 2129 4532 ⁸
2161 4503 2469 4552 adorandum
2494 4519 2506 4550 ε
2545 4499 2622 4563 38.
2651 4509 2750 4552 etc.
