3293 5225
1053 461 1432 512 DOMJNJCA
1470 466 1507 513 J
1514 466 1567 514 V.
1607 468 1801 517 POST
1824 469 2132 518 PASCUA.
2243 465 2244 468 '
2700 483 2791 533 149

638 667 703 736 (Ι
735 660 847 723 Ex
871 661 1171 744 Epistola
1199 666 1412 730 Pauli
1434 669 1532 731 ad
1552 669 1926 733 Romanos.¹
2016 671 2226 735 Lectio
2254 672 2543 736 secunda.

391 771 695 899 ITaque
726 794 857 856 que
887 776 1070 857 pacis
1102 788 1256 841 sunt
1286 789 1614 844 sectemur
1761 783 1825 845 in
1859 784 2100 847 virtute
2130 784 2397 866 spiritus
2429 786 2659 847 sancti.

853 981 918 1050 (Ι
951 975 1150 1039 Feria
1176 989 1356 1040 sexta
1384 1001 1464 1042 ex
1497 980 1740 1044 Genesi.
1747 980 1770 1020 ‘²
1857 982 2069 1044 Lectio
2084 983 2327 1064 prema.

392 1084 772 1213 MOrtua
836 1097 936 1151 est
980 1110 1139 1172 ergo
1190 1092 1441 1154 Rachel
1505 1104 1573 1157 et
1617 1094 1881 1176 sepulta
1925 1105 2077 1159 est.
2094 1096 2573 1179 ..sepelierunt
2638 1117 2789 1159 eum

589 1173 768 1236 Esau
802 1185 870 1238 et
904 1176 1108 1239 Iacob
1140 1176 1255 1259 filij
1289 1180 1406 1242 sui.

654 1318 719 1387 (Ι
751 1311 865 1374 Ex
888 1313 1149 1394 epistola
1179 1315 1392 1377 Paule
1414 1317 1511 1377 ad
1535 1318 1881 1379 Romanos,
1885 1315 1910 1355 3
1999 1318 2211 1381 Lectio
2240 1320 2529 1383 secunda.

379 1420 713 1553 CErtus
754 1444 902 1487 sum
950 1436 1173 1489 autem
1222 1427 1454 1490 fratres
1503 1430 1652 1502 mei,
1698 1439 1765 1492 et
1811 1450 1939 1512 ego
1986 1430 2125 1512 ipse
2171 1431 2257 1494 de
2303 1431 2542 1495 vobis,
2588 1452 2790 1495 ‚cum

532 1511 842 1574 omnibus
873 1513 1074 1575 vobis,
1170 1514 1409 1579 Amen.

1000 1657 1068 1727 (Ι
1101 1651 1385 1715 Sabbato
1415 1674 1494 1716 ex
1526 1653 1800 1718 Genesi.4
1886 1654 2097 1717 Lectio
2127 1656 2184 1718 .i.

542 1760 602 1823 Ε
635 1772 786 1824 sunt
820 1773 1043 1826 autem
1078 1765 1539 1845 generationes
1575 1767 1753 1829 Esau
1903 1788 2071 1850 quos
2101 1769 2329 1850 genuit
2378 1768 2438 1830 ei
2484 1768 2683 1831 Iehus
2727 1779 2794 1831 et

572 1848 826 1911 Ihelom
859 1859 926 1913 et
959 1850 1145 1914 Core.

649 1993 714 2062 (Ι
746 1985 859 2049 Ex
884 1987 1143 2068 epistola
1172 1989 1384 2052 Pauli
1405 1989 1502 2051 ad
1526 1989 1893 2053 Romanos.⁵
1983 1990 2194 2053 Lectio
2222 1990 2513 2055 secunda.

507 2095 891 2162 Ommendo
923 2110 1146 2163 autem
1181 2103 1370 2165 vobis
1406 2102 1676 2166 Pheben
1710 2122 2003 2165 sororem
2041 2117 2334 2165 nostram
2484 2103 2695 2186 gloria
2729 2105 2792 2166 in

533 2185 757 2248 secula
790 2189 1178 2252 seculorum.
1272 2189 1514 2253 Amen.

520 2329 585 2398 (Ι
616 2324 965 2387 Dominica
993 2336 1231 2407 quarta
1248 2336 1398 2408 post
1412 2327 1659 2408 pasclza
1689 2327 1802 2389 Ex
1834 2327 2106 2391 Genesz'.⁶
2195 2327 2406 2389 Lectio
2422 2328 2664 2409 prima.

389 2435 573 2563 HI
624 2438 827 2499 duces
876 2436 1158 2501 filiorum
1210 2439 1412 2516 Esau,
1460 2438 1608 2519 Filij
1663 2437 1972 2521 Eliphaz7
2019 2441 2445 2522 primogeniti
2497 2441 2676 2504 Esau

577 2523 693 2587 Isti
728 2525 931 2587 duces
964 2526 1391 2588 horrheorum
1428 2527 1539 2608 qui
1574 2528 2071 2608 imperauerunt
2103 2528 2166 2589 in
2203 2537 2374 2590 terra
2411 2527 2571 2591 Seir.

508 2670 573 2739 (Ι
605 2662 951 2745 ⁸Epistola⁹
980 2664 1192 2727 Pauli
1215 2665 1311 2727 ad
1339 2663 1397 2730 C
1391 2663 1758 2727 orintleios¹⁰
1772 2662 2066 2746 primaffl
2157 2665 2368 2727 Lectio
2398 2666 2687 2728 secunda.

497 2774 713 2837 Aulus
746 2786 1019 2839 vocatus
1052 2778 1394 2860 apostolus
1434 2777 1581 2838 Iesu
1623 2776 1886 2853 Christi,
1917 2796 2036 2859 per
2079 2776 2494 2840 voluntatem
2547 2777 2672 2840 Dei

525 2863 701 2942 quod
739 2862 1072 2926 infirmum
1106 2874 1206 2927 est
1241 2864 1386 2940 Dei,
1420 2861 1702 2926 fortius-12
1733 2873 1834 2927 est
1866 2862 2261 2927 hominibus,

918 3007 986 3077 (Ι
1028 3001 1250 3064 Tertia
1280 3002 1454 3064 lectio
1483 3001 1830 3064 secundum
1863 2998 2241 3064 Ioannem.¹³

381 3112 516 3240 IN
552 3111 666 3213 illo
698 3122 998 3195 tempore
1030 3115 1204 3176 dixit
1257 3115 1440 3177 Iesus
1487 3114 1825 3214 discipulis
1879 3114 2015 3177 suis
2050 3113 2270 3176 :vado
2326 3112 2409 3175 ad
2464 3134 2617 3214 eum
2673 3116 2786 3196 qui

370 3209 661 3368 relifftizlt
724 3220 847 3277 me,
901 3210 967 3263 et
1017 3221 1215 3263 nemo
1261 3222 1349 3263 ex
1397 3200 1585 3264 vobis
1632 3210 1998 3282 interrogat
2049 3220 2155 3262 me
2201 3220 2336 3282 quo
2381 3201 2616 3263 vadls?
2695 3203 2786 3265 Et

957 3424 1041 3487 H
1034 3425 1257 3488 omilia
1286 3425 1500 3488 sancti
1523 3425 1583 3486 A
1594 3424 1896 3506 agustini
1917 3424 2191 3505 episcopi.

495 3536 632 3599 Vm
680 3536 989 3599 dominus
1043 3537 1226 3600 Iesus
1272 3538 1674 3620 predixisset
1720 3536 2059 3616 discipulis
2105 3537 2239 3598 suis
2288 3537 2777 3617 persecutiones

525 3644 690 3705 quas
723 3626 977 3706 passuri
1014 3634 1202 3686 crant
1234 3633 1384 3706 post
1417 3625 1557 3686 eius
1588 3623 1970 3686 abscessum
2003 3623 2351 3685 subiunxit
2385 3632 2589 3705 atque
2633 3625 2726 3686 ait
2764 3649 2777 3687 :

367 3710 514 3773 Hec
545 3720 771 3773 autem
805 3711 992 3773 vobis
1023 3713 1109 3774 ab
1142 3711 1331 3773 initio
1370 3732 1501 3773 non
1550 3711 1713 3786 dixi,
1744 3711 1900 3792 quia
1948 3710 2284 3772 vobiscum
2335 3730 2514 3772 eram
2554 3733 2567 3774 :
2600 3731 2775 3774 nunc

359 3806 583 3860 autem
616 3798 790 3861 vado
821 3800 905 3861 ad
938 3819 1091 3861 eum
1126 3800 1238 3880 qui
1274 3798 1452 3861 misit
1486 3819 1606 3862 me.
1700 3798 1899 3861 Vnde
1930 3798 2215 3879 primum
2263 3796 2624 3859 videndum
2672 3808 2774 3862 est

360 3895 575 3946 vtrum
610 3886 704 3947 eis
738 3885 989 3948 futuras
1024 3906 1154 3948 non
1189 3885 1552 3968 predixerit
1584 3894 1783 3947 antea
1815 3885 2171 3967 passiones,
2264 3881 2452 3947 Sed14
2481 3883 2588 3965 alij
2639 3893 2771 3948 tres

359 3972 770 4053 euangeliste
817 3974 977 4036 satis
1025 3993 1178 4035 eum
1253 3973 1620 4055 predixisse
1697 3973 1824 4035 ista
1893 3971 2353 4034 demonstrant
2405 3981 2766 4052 antequam

355 4068 628 4121 ventum
662 4070 836 4123 esset
881 4061 965 4123 ad
1014 4080 1267 4135 cenam,
1315 4059 1467 4141 Qua
1521 4069 1790 4142 peracta
1843 4058 2206 4121 secundum
2268 4058 2588 4120 Ioannem
2642 4060 2767 4122 ista

470 4204 487 4235 ¹
524 4207 642 4266 [xiv.
677 4220 881 4270 19—xv.
916 4210 1017 4271 13.]
1514 4205 1537 4236 Β
1567 4207 1737 4268 [xxxv.
1774 4206 1971 4283 1t9-29.]
2312 4204 2333 4235 ³
2365 4206 2466 4267 [xv.
2501 4208 2700 4269 14-33.]

472 4270 493 4301 ⁴
526 4273 613 4322 Ca.
644 4274 708 4336 36
731 4275 789 4321 in
813 4273 1279 4335 m.[xxxV.1-14.]
1518 4270 1539 4299 ³
1572 4274 1660 4322 Ca.
1697 4273 1756 4321 16
1780 4274 1836 4320 in
1861 4288 1924 4320 m.
1955 4271 2073 4331 [xvi.
2108 4270 2274 4331 1.-27]

469 4334 708 4452 Ξῐὲῑκκνί.
745 4350 834 4401 15-
837 4340 942 4402 30.]
1520 4336 1539 4368 ⁷
1576 4338 1842 4401 Elipham.
1881 4335 1957 4399 38.
1989 4348 2065 4399 39.
2097 4349 2174 4396 44.
2206 4347 2284 4396 49.
2350 4335 2595 4400 Eliphas:
2632 4335 2710 4399 63.

625 4439 636 4451 .
664 4412 748 4479 pr.
777 4417 855 4467 43.
884 4418 963 4464 44.
993 4403 1072 4466 63.
1520 4400 1541 4431 ⁹
1567 4405 1773 4466 prima.
1806 4404 1915 4450 add.
1947 4414 2025 4464 43.
2055 4399 2135 4463 63.
2164 4399 2242 4450 66.

444 4465 485 4497 ¹⁰
517 4468 640 4532 Cap.
677 4482 695 4516 1
725 4469 782 4516 in
806 4486 871 4518 m.
901 4469 952 4529 [i.
960 4467 1152 4532 -25.“ι]
1242 4504 1253 4509 -
1282 4480 1349 4519 ,¹3
1510 4466 1546 4497 ¹¹
1581 4485 1674 4517 om.
1704 4480 1782 4530 43.
1812 4466 1890 4529 63.
1920 4465 1999 4515 66.

445 4530 486 4563 ¹²
519 4533 747 4582 sortitus·
784 4532 862 4583 61.
1510 4530 1551 4562 ¹³
1583 4533 1674 4583 Ca.
1711 4535 1768 4582 16
1792 4550 1848 4580 m
1873 4549 1937 4581 m.
2310 4529 2350 4560 ¹⁴
2383 4540 2465 4581 et:
2501 4533 2610 4580 odd.
2642 4543 2719 4594 39.
