3293 5225
538 467 604 518 90
865 457 1096 506 FERIA
1153 456 1230 506 II.
1292 454 1733 506 DOMINICAE
1782 454 1829 504 I.
1901 454 2579 516 QUADRAGESJMAE.

1054 665 1122 736 ΙΙ
1164 659 1387 722 Tertia
1417 658 1595 722 lectio
1623 659 1970 721 secundum
2002 658 2096 721 M
2089 656 2420 722 attheum}

621 783 683 846 N
740 782 1226 866 illo'tempore.
1340 783 1538 846 Dixit
1591 784 1777 847 Iesus
1823 783 2166 865 discipulis
2212 784 2364 849 suis,
2471 781 2643 846 Cum
2691 779 2948 845 venerit

642 869 817 933 filius
848 870 1137 934 hominis
1169 872 1234 934 in
1270 872 1618 935 maiestate
1649 891 1809 934 sua:
1854 881 1922 933 et
1953 890 2186 933 omnes
2217 870 2438 953 angeli
2470 870 2610 933 eius
2643 888 2794 932 curn
2827 887 2942 931 eo:

532 965 690 1019 tunc
744 957 1003 1022 sedebit
1055 977 1254 1041 super
1299 943 1529 1021 sedem
1580 958 1945 1022 maiestatis
1998 978 2118 1021 sue
2183 980 2196 1020 ε
2241 968 2309 1020 et
2358 956 2948 1041 congregabuntur

532 1053 690 1107 ante
720 1064 873 1108 eum
906 1065 1141 1108 omnes
1171 1044 1448 1128 gentes,2

1112 1207 1414 1270 Homilt'a
1441 1206 1660 1270 sancti
1683 1206 2056 1289 Augustini
2078 1206 2357 1289 episcopi.

662 1330 798 1393 Vm
831 1342 1056 1395 autem
1090 1334 1343 1395 venerit
1374 1330 1547 1395 filius
1578 1330 1868 1394 hominis
1902 1332 1965 1394 in
2012 1331 2360 1394 maiestate
2394 1350 2552 1394 sua:
2599 1339 2665 1394 et
2711 1349 2948 1393 omnes

690 1419 910 1500 angeli
964 1419 1104 1481 eius
1153 1439 1304 1482 cum
1353 1439 1434 1482 eo
1480 1441 1495 1481 :
1540 1427 1703 1482 tunc
1753 1418 2012 1482 sedebit
2064 1418 2129 1480 in
2184 1418 2344 1481 sede
2398 1419 2767 1481 maiestatis
2828 1437 2946 1479 sue

534 1514 601 1568 et
648 1506 1231 1588 congregabuntur
1276 1516 1433 1569 ante
1473 1525 1627 1569 eum
1662 1525 1897 1568 omnes
1928 1516 2161 1588 gentes
2198 1529 2212 1567 ι
2244 1517 2311 1568 et
2345 1505 2681 1588 separabit
2710 1525 2826 1567 eos
2857 1503 2948 1566 ab

535 1592 823 1655 inuicem
863 1593 1081 1656 :sicut
1113 1603 1339 1675 pastor
1368 1603 1680 1676 segregat
1711 1612 1870 1655 oues
1917 1593 2003 1655 ab
2053 1592 2242 1655 hedis
2300 1616 2314 1656 ε
2368 1603 2435 1655 et
2485 1601 2734 1656 statuet
2785 1611 2949 1655 oues

535 1678 807 1760 quidem
858 1701 898 1742 a
950 1679 1208 1743 dextris
1265 1704 1279 1744 ε
1334 1680 1542 1743 hedos
1592 1690 1815 1742 autem
1849 1700 1889 1742 a
1921 1680 2200 1743 sinistris
2236 1703 2249 1742 :
2284 1690 2444 1742 tunc
2477 1680 2654 1743 dicet
2684 1679 2794 1754 εἰς,
2827 1678 2945 1759 qui

536 1787 576 1829 a
608 1767 865 1829 dextris
895 1769 1037 1830 eius
1067 1777 1260 1831 erunt
1291 1766 1538 1830 Venite
1569 1766 1902 1830 benedicti
1938 1766 2142 1847 patris
2171 1768 2298 1829 mei
2323 1768 2639 1848 percipite
2663 1786 2943 1848 regnum

538 1855 717 1935 quod
749 1855 941 1917 vobis
973 1865 1279 1936 paratum
1313 1866 1413 1918 est
1448 1855 1536 1917 ab
1567 1854 1823 1935 origine
1856 1854 2088 1916 mundi
2114 1852 2251 1916 Vbi
2277 1853 2498 1917 lumen
2522 1852 2906 1916 indeficiens
2933 1875 2950 1914 ε

535 1940 646 2003 vbi
702 1941 1021 2022 gaudium
1076 1942 1554 2024 sempiternum
1610 1941 1721 2004 vbi
1769 1942 1907 2004 vita
1957 1940 2265 2023 perennis
2319 1949 2387 2003 et
2438 1939 2847 2013 immortaliS,
2878 1950 2947 2002 et

537 2027 750 2091 letitia
802 2029 1206 2110 sempiterna
1256 2049 1408 2091 cum
1463 2027 1721 2110 angelis
1770 2039 1836 2092 et
1889 2028 2227 2111 apostolis
2317 2026 2454 2090 Vbi
2510 2025 2655 2089 lux³
2687 2026 2848 2090 lucis
2878 2036 2948 2089 et

537 2114 685 2177 fons
741 2115 1023 2179 luminis.
1128 2116 1266 2178 Vbi
1319 2116 1553 2180 ciuitas
1602 2126 1984 2179 sanctorum
2032 2114 2392 2178 Ierusalem
2441 2114 2718 2178 celestis
2808 2112 2944 2176 Vbi

536 2213 909 2267 conuentus
958 2213 1325 2284 martyrum
1373 2214 1441 2264 et
1486 2202 2009 2283 patriarcharum
2058 2223 2211 2264 cum
2247 2202 2591 2264 Abraham
2645 2201 2831 2263 Isaac
2877 2209 2945 2264 et

540 2289 746 2352 Iacob
804 2313 817 2353 :
871 2299 938 2352 et
986 2300 1368 2353 sanctorum
1422 2289 1742 2354 omnium.
1830 2290 1967 2352 Vbi
2018 2289 2209 2353 dolor
2257 2288 2494 2365 nullus»,
2526 2309 2646 2351 nec
2679 2287 2945 2351 tristitia

538 2387 690 2458 post
739 2376 1059 2458 gaudium
1092 2377 1227 2440 Vbi
1274 2398 1413 2439 nox
1445 2374 1720 2458 effugiet
1751 2385 1819 2439 et
1849 2387 2151 2440 senectus
2185 2397 2318 2438 non
2354 2375 2717 2457 apparebit.
2806 2373 2945 2437 Vbi

536 2463 824 2526 charitas
856 2463 1297 2546 inexplebilis,
1387 2463 1521 2527 Vbi
1557 2484 1696 2546 pax
1728 2464 2088 2527 indiuidua.
2178 2462 2314 2526 Vbi
2360 2464 2678 2525 assistunt
2724 2461 2947 2544 angeli

538 2560 606 2615 et
650 2550 954 2614 vniuerse
1002 2562 1385 2634 potestates,
1416 2550 1526 2615 vbi
1575 2571 1823 2614 manna
1870 2550 1936 2614 id
1982 2564 2084 2615 est
2131 2550 2317 2614 cibus
2363 2550 2626 2612 celestis
2664 2563 2779 2612 :et
2810 2550 2949 2611 vita

537 2638 855 2718 angelica.
948 2639 1039 2702 Et
1083 2649 1156 2702 vt
1202 2639 1460 2703 infinita
1491 2639 1557 2702 in
1608 2638 1793 2701 breui
1849 2637 2429 2721 comprehendam.
2547 2636 2677 2700 Vbi
2729 2637 2952 2699 omnis

539 2725 730 2788 dolor
790 2737 856 2789 et
905 2747 1105 2790 omne
1166 2726 1413 2789 malum
1479 2746 1609 2789 non
1664 2726 1996 2789 videbitur
2048 2749 2062 2788 ε
2116 2736 2183 2788 et
2241 2745 2442 2787 omne
2503 2724 2751 2787 bonum
2815 2743 2948 2787 non

540 2812 773 2876 deesse
832 2834 1123 2894 vnquam
1188 2814 1449 2896 poterit.
1582 2812 1775 2875 Tunc
1839 2814 1992 2875 iusti
2067 2811 2153 2875 ad
2229 2812 2380 2875 hec⁴
2453 2811 2951 2893 respondebunt

541 2899 852 2964 dicentes,
930 2901 1222 2963 Domine
1252 2921 1367 2963 cur
1399 2909 1658 2963 tantam
1692 2911 1759 2962 et
1793 2899 1993 2963 talem
2016 2900 2209 2962 nobis
2233 2899 2512 2981 gloriam
2541 2898 2955 2981 preparasti?

542 2986 734 3049 Tunc
780 2997 848 3049 et
895 2989 1035 3070 ipse
1079 2989 1175 3051 eis
1226 2987 1671 3070 respondebit.
1766 2988 1892 3049 Pro
1940 2986 2386 3050 misericordia
2427 2996 2646 3050 vestra
2691 2996 2758 3048 et
2806 2983 2954 3049 fide.

544 3074 672 3136 Pro
702 3073 1034 3137 hilaritate
1065 3084 1133 3138 et
1165 3074 1500 3157 patientia.
1595 3076 1721 3137 Pro
1754 3073 2262 3155 longanimitate
2307 3084 2375 3136 et
2425 3072 2952 3136 mansuetudine.

547 3161 672 3223 Pro
717 3163 995 3224 veritate
1040 3171 1107 3224 et
1152 3162 1417 3226 iustitia.
1555 3162 1684 3223 Pro
1729 3162 2140 3223 continentia
2184 3170 2252 3223 et
2298 3160 2690 3223 humilitate.
2827 3161 2956 3222 Pro

541 3247 998 3330 hospitalitate
1029 3259 1096 3312 et
1128 3248 1536 3312 affabilitate.
1612 3249 1741 3311 Pro
1772 3248 2020 3330 gaudio
2050 3249 2134 3310 ad
2170 3249 2552 3330 peregrinos
2577 3258 2643 3309 et
2668 3248 2954 3329 ignotos·

547 3335 671 3397 Prc
721 3336 970 3399 iustitia
1015 3346 1082 3399 et
1128 3336 1499 3411 sanctitate,
1549 3336 1678 3398 Pro
1728 3335 1994 3399 tristitia
2036 3345 2257 3397 vestra
2305 3334 2369 3396 in
2423 3333 2602 3396 malo
2645 3334 2954 3416 proximi.

546 3422 674 3484 Pro
720 3422 931 3485 letitia
976 3433 1194 3486 vestra
1241 3423 1304 3485 in
1355 3423 1545 3485 bonis
1584 3423 1744 3486 eius,
1837 3423 1963 3485 Pro
2009 3423 2257 3504 gaudio
2305 3432 2527 3483 vestro
2565 3420 2629 3482 in
2682 3420 2782 3483 his
2838 3420 2951 3502 qui

543 3529 665 3571 nec
712 3529 1087 3571 sermonem
1139 3510 1434 3572 ociosum
1485 3510 1572 3572 de
1616 3530 1731 3572 ore
1777 3530 1898 3572 suo
1944 3509 2300 3591 proferunt.
2397 3508 2523 3570 Pro
2571 3509 2806 3570 timore
2844 3507 2953 3569 dei

544 3596 608 3657 in
658 3596 760 3657 his
806 3598 920 3678 qui
959 3617 1078 3659 nec
1111 3597 1690 3678 transgrediuntur
1721 3608 1990 3679 pactum
2023 3595 2163 3659 aut⁵
2195 3596 2330 3658 iota
2361 3615 2566 3657 vnum
2599 3604 2715 3657 aut
2745 3614 2951 3657 vuum

541 3682 802 3764 apicem
851 3686 934 3746 de
983 3684 1128 3765 lege
1173 3683 1444 3746 domini.
1559 3685 1688 3746 Pro
1733 3704 1814 3745 eo
1868 3684 2049 3765 quod
2106 3703 2237 3744 non
2287 3682 2635 3764 accepistis
2677 3701 2955 3743 munera

541 3789 741 3852 super
777 3771 1197 3833 innocentem
1232 3795 1245 3834 ε
1278 3791 1401 3833 nec
1434 3770 1858 3833 mendacium
1894 3791 2014 3852 pro
2044 3766 2366 3833 veritate.⁶

1632 3932 1877 3997 Oratio.

632 4055 976 4120 *Onuerte
1037 4077 1157 4119 nos
1218 4057 1383 4120 deus
1444 4057 1751 4120 salutaris
1813 4067 2035 4121 noster
2092 4081 2106 4120 z
2167 4068 2232 4119 et
2279 4067 2349 4121 vt
2398 4056 2590 4118 nobis
2636 4056 2951 4119 ieiunium

703 4143 1280 4225 quadragesimale
1370 4144 1674 4226 proficiat
1768 4168 1781 4207 :
1889 4155 2145 4207 mentes
2237 4155 2499 4209 nostras
2590 4142 2952 4206 celestibus

547 4231 795 4293 instrue
826 4230 1207 4313 disciplinis,
1296 4252 1431 4313 per.

645 4451 662 4483 ¹
699 4455 788 4504 Ca.
817 4466 895 4519 25.
925 4456 983 4504 in
1007 4472 1073 4505 m.
1340 4455 1363 4485 '²
1396 4456 1461 4505 Et
1487 4456 1708 4521 reliqua:
1743 4457 1854 4505 add.
1886 4468 1963 4519 39.
1993 4464 2088 4506 etc.
2279 4453 2301 4484 ³
2334 4457 2449 4505 lex:
2485 4455 2564 4504 66.

641 4518 662 4548 ⁴
695 4521 861 4570 hunc:
895 4520 975 4571 66.
1339 4520 1360 4551 ⁶
1391 4538 1484 4572 om.
1515 4535 1592 4585 39.
1616 4531 1710 4573 etc.
2282 4517 2305 4551 ⁸
2339 4522 2590 4571 Miserere.
2624 4533 2700 4585 50.
2729 4522 2840 4571 add.
2870 4520 2950 4585 63.
