3293 5225
502 444 598 493 228
808 445 1037 494 FERJA
1088 446 1140 494 V.
1180 445 1619 494 DOMINICAE
1654 446 1776 494 XX.
1819 447 2010 494 POST
2037 444 2602 493 PENTECOSTEN.

506 597 938 661 descenderet
970 608 1037 662 et
1069 608 1333 662 sanaret
1364 598 1571 661 filium
1605 599 1764 662 eiuS.
1855 597 2286 681 Corporalem
2319 618 2479 680 ergo
2512 597 2911 680 presentiam

507 684 760 748 domini
835 686 1172 767 querebat,
1236 688 1347 768 qui
1425 706 1542 768 per
1615 687 1918 768 spiritum
1989 706 2317 767 nusquam
2380 686 2624 747 deerat.
2690 685 2918 746 Minus

507 773 733 854 itaque
788 774 853 834 in
909 773 1020 835 illo
1072 773 1369 850 credidit,
1406 775 1634 854 quam¹
1691 793 1822 835 non
1876 774 2138 855 putauit
2182 771 2465 835 salutem
2516 791 2709 855 posse
2756 771 2917 833 dare

507 860 631 921 nisi
709 880 980 942 presens
1044 870 1220 923 esset
1280 870 1347 923 et
1406 880 1698 943 corpore.
1790 859 1862 923 Si
1923 861 2100 922 enim
2164 859 2452 943 perfecte
2513 857 2920 932 credidisset,

506 946 942 1029 proculdubio
985 947 1182 1010 sciret
1228 948 1385 1029 quia
1428 967 1561 1010 non
1593 957 1770 1010 esset
1800 947 1983 1009 locus
2015 947 2125 1011 vbi
2159 967 2292 1010 non
2324 955 2500 1009 esset
2530 947 2711 1009 deuS.
2804 945 2912 1006 Ex

509 1053 755 1116 magna
806 1054 967 1116 ergo
1018 1043 1208 1116 parte
1261 1033 1541 1097 diffisus-²
1585 1044 1688 1097 est
1734 1035 1846 1117 qui
1894 1035 2154 1097 virtutis
2197 1034 2519 1096 honorem
2560 1053 2693 1095 non
2732 1030 2918 1095 dedit

509 1121 859 1198 maiestati,
889 1121 1005 1184 sed
1055 1123 1382 1203 presentie
1427 1120 1770 1204 corporali.
1851 1122 1941 1184 Et
1972 1121 2257 1184 saiutem
2291 1121 2517 1202 itaque
2549 1120 2684 1184 filio
2707 1118 2920 1202 petijt‚

505 1218 573 1271 et
648 1218 873 1271 tamen
936 1209 1003 1271 in
1067 1207 1198 1271 fide
1257 1209 1586 1272 dubitauit
1649 1209 1804 1290 quia
1865 1229 2018 1271 eum
2081 1210 2164 1271 ad
2229 1228 2429 1291 quem
2492 1217 2784 1282 venerat,
2845 1214 2913 1267 et

507 1304 852 1376 potentem
908 1294 994 1358 ad
1044 1296 1410 1358 curandum
1461 1296 1781 1360 credidit:
1845 1305 1914 1358 et
1959 1305 2186 1359 tamen
2236 1295 2541 1357 morienti
2590 1293 2726 1356 filio
2771 1311 2917 1355 esse

508 1382 856 1446 absentem
893 1381 1200 1465 putauit.³

1595 1494 1844 1558 Oratio.

516 1598 869 1725 LArgire
899 1618 1261 1679 quesumus
1293 1599 1566 1661 domine
1597 1596 1905 1661 fidelibus
1930 1599 2062 1660 tuis
2087 1597 2570 1679 indulgentiam
2599 1596 2916 1695 placatus

657 1696 724 1746 et
775 1705 1048 1767 pacem:
1112 1697 1184 1749 vt
1235 1687 1478 1767 pariter
1531 1688 1617 1748 ab
1668 1685 1980 1747 omnibus
2028 1684 2434 1748 mundentur
2476 1682 2786 1747 ofsens¹sz
2849 1693 2916 1745 et

502 1790 729 1834 secura
763 1772 881 1834 tibi
916 1773 1238 1835 mentem*
1266 1773 1662 1837 deseruiant.
1756 1793 1888 1854 per.

760 1914 829 1984 (Ι
871 1909 1070 1971 Feria
1098 1909 1374 1971 secunda
1404 1931 1482 1972 ex
1507 1909 1764 1990 quarto⁶
1793 1907 2095 1992 Regum.⁶
2183 1909 2395 1971 Lectio
2409 1909 2656 1991 prima.

517 2012 1033 2141 RVrsumque
1108 2013 1287 2077 misit
1346 2013 1432 2076 ad
1480 2033 1632 2077 eum
1696 2015 2063 2096 principem
2126 2013 2769 2096 quinquagenarium
2839 2061 2881 2073 ..

677 2101 923 2182 scripta
955 2110 1110 2164 sunt
1142 2100 1208 2163 in
1244 2101 1411 2163 libro
1442 2120 1825 2164 sermonum
1859 2100 2113 2163 dierum
2149 2121 2376 2182 regum
2419 2099 2640 2162 Israel.

1065 2243 1131 2313 (I
1182 2237 1549 2300 Secundum
1581 2238 1675 2300 M
1668 2235 1936 2301 arcum.⁷
2026 2238 2236 2300 Lectio
2267 2239 2352 2319 ,ist

517 2341 704 2469 ET
779 2341 962 2441 inde·
1010 2341 1287 2423 profecti
1365 2342 2056 2424 pretergrediebantur
2132 2341 2458 2406 Galileam
2684 2361 2918 2423 pacem

671 2427 914 2491 habete
946 2439 1115 2491 inter
1145 2449 1278 2491 vos,

980 2571 1049 2642 (Ι
1093 2565 1290 2628 Feria
1322 2565 1433 2648 ,iili
1465 2587 1543 2628 ex
1571 2565 1737 2648 ‚iiii8
1768 2565 2069 2649 Regum.⁹
2157 2567 2368 2630 Lectio
2399 2567 2455 2631 .i.

637 2669 886 2732 Actum
938 2681 1039 2733 est
1088 2681 1354 2733 autem:
1419 2691 1571 2733 cum
1628 2671 1848 2733 leuare
1886 2671 2087 2734 vellet
2134 2671 2445 2734 dominus
2495 2671 2714 2734 Eliam
2869 2672 2920 2732 si

662 2767 887 2820 autem
921 2778 1055 2820 non
1087 2757 1347 2833 videriS,
1381 2778 1512 2819 non
1546 2759 1687 2820 erit.

1057 2899 1126 2969 {I
1174 2893 1543 2956 Secundum
1576 2894 1670 2956 M
1662 2892 1956 2958 arcum.¹⁰
2045 2895 2257 2957 Lectio
2288 2896 2372 2976 JJ.

525 2997 712 3126 ET
788 2997 944 3060 inde
1019 3017 1373 3081 exurgenS,
1433 2999 1615 3060 venit
1694 2999 1757 3060 in
1821 2997 1985 3061 fines
2049 2998 2256 3061 Iudee
2463 3000 2670 3081 primi,
2734 3010 2928 3061 erunt

682 3085 1048 3162 nouissimi,
1079 3095 1146 3147 et
1183 3086 1528 3147 nouissimi
1564 3086 1776 3167 primi.

520 3324 916 3456 Cquue
980 3334 1350 3407 pergerent,
1399 3335 1466 3388 et
1529 3325 1914 3388 incedentes
1974 3328 2575 3390 sermocinarentur
2776 3328 2930 3389 inde

673 3431 972 3474 reuersus
1003 3422 1105 3475 est
1137 3413 1202 3475 in
1240 3411 1634 3476 Samariam.

1067 3557 1133 3627 (Ι
1183 3552 1550 3614 Secundum
1582 3550 1964 3615 Mammam
2052 3553 2263 3615 Lectio
2294 3553 2378 3634 ,ill

532 3654 843 3782 ERant
888 3664 1111 3717 autem
1160 3655 1224 3717 in
1272 3656 1379 3716 via
1427 3656 1865 3718 ascendentes
1904 3656 2382 3738 lerosolymam
2533 3657 2932 3739 sequebatur

686 3761 840 3805 eum
876 3762 941 3804 in
973 3763 1098 3805 via.

1059 3869 1258 3931 Feria
1289 3891 1363 3933 .v.
1395 3891 1473 3932 ex
1500 3870 1638 3952 ,iizj
1671 3869 1995 3953 Regum.¹⁸
2083 3872 2293 3934 Lectio
2325 3872 2383 3936 .i.

534 3972 810 4101 IOram
842 3993 1001 4073 yero
1048 3971 1218 4074 filius
1255 3974 1494 4038 Achab
1541 3976 1848 4057 regnauit
1889 3997 2090 4058 super
2126 3976 2327 4039 Israel
2480 3976 2675 4038 Nunc
2707 3986 2931 4039 autem

630 4059 942 4123 adducite
975 4060 1133 4122 mihi
1168 4060 1525 4142 psaltem.¹⁴

614 4182 636 4278 ζ
704 4198 853 4297 negiu:
892 4193 1091 4297 39.ἔὲιοὶ
1125 4248 1157 4297 6
1885 4184 1908 4280 ξ
1940 4186 2181 4281 diffusus:
2210 4200 2296 4301 8³39.
2326 4201 2405 4247 44.
2435 4187 2514 4235 61.

614 4312 636 4343 ³
668 4262 1298 4391 14205⁰23.43153³⁶⁶.
1887 4314 1909 4344 ⁶
1938 4261 2255 4379 ffie‘itxffisis
2284 4262 2377 4392 (ἶς’
2545 4315 2563 4346 ⁷
2600 4316 2685 4376 [ix.
2719 4316 2921 4376 29-49.]

615 4378 636 4408 ⁸
667 4381 825 4428 labro:
856 4380 967 4428 ado.
996 4396 1075 4443 ⁴3·
1113 4379 1191 4428 66.
1448 4388 1455 4397 ⁵
1884 4379 1906 4410 ⁹
1938 4382 2027 4432 Ca.
2058 4395 2088 4431 2
2113 4383 2169 4431 in
2193 4400 2257 4431 m.
2287 4382 2358 4442 [ιι.
2395 4382 2560 4442 1-10.]

617 4442 658 4473 ¹⁰
692 4445 781 4495 Ca.
816 4457 877 4493 10
898 4446 955 4492 in
979 4462 1043 4494 m.
1074 4446 1142 4505 [x.
1179 4446 1344 4521 1331]
1378 4458 1410 4507 9
1434 4446 1490 4493 in
1515 4463 1579 4493 m.
1608 4461 1688 4505 44.
1879 4446 1914 4476 ¹¹
1949 4447 2021 4507 [ii.
2057 4449 2256 4511 11—25.]
2551 4444 2591 4477 ¹²
2623 4446 2691 4505 [x.
2723 4446 2931 4509 32-52.]

620 4508 661 4539 ¹³
699 4513 817 4560 Coo.
847 4511 946 4574 iij:
984 4523 1062 4573 39.
1092 4521 1184 4560 etc.
1216 4510 1305 4570 [iii.
1336 4512 1503 4573 1—15.]
1879 4510 1918 4541 ¹⁴
1951 4514 2158 4562 saltem:
2199 4525 2276 4575 39.
