3293 5225
506 458 608 504 142
1166 439 1547 490 DOMINICA
1609 440 1650 488 Ι.
1713 441 1904 489 POST
1951 441 2260 489 PASCHA.

508 598 721 660 Maria
756 593 1180 676 'magdalene
1233 613 1384 656 cum
1446 592 1664 655 adhuc
1715 593 1984 656 tenebre
2035 603 2257 656 essent
2308 594 2489 656 venit
2544 594 2629 656 ad
2687 614 2918 657 monu-

509 695 826 747 mentum.
926 682 1128 744 quta
1160 681 1502 743 historiam
1551 690 1821 743 notatur
1865 680 2045 756 hora,
2078 681 2269 743 iuxta
2324 679 2730 744 intellectum
2764 702 2920 744 vero

505 771 861 852 mysticum
962 767 1350 850 requirentis
1442 767 1744 848 signatur
1840 768 2293 851 intelligentia.
2434 768 2649 830 Maria
2737 770 2915 830 enim

502 867 843 921 auctorem
898 857 1219 930 omnium,
1266 873 1465 936 quem
1520 874 1718 916 carne
1767 856 2037 928 viderat,
2086 865 2421 917 mortuum
2476 856 2798 936 querebat
2852 855 2914 917 in

506 953 960 1019 monument0‚
1020 952 1088 1005 et
1149 942 1305 1024 quia
1364 938 1565 1003 huncl
1629 942 1902 1003 minime
1956 942 2225 1017 inuenit,
2270 942 2557 1004 furatum
2621 943 2917 1005 credidit.

507 1031 749 1094 Adhuc
774 1050 933 1110 ergo
963 1038 1152 1092 erant
1182 1027 1470 1098 tenebre,
1496 1048 1644 1090 cum
1673 1030 1854 1091 venit
1877 1028 1962 1091 ad
1998 1038 2522 1091 monumentum.
2616 1028 2919 1092 Cucurrit

499 1138 662 1200 ergo
751 1118 961 1193 citiuS,
1035 1115 1128 1178 et⁹
1210 1113 1549 1196 discipulis
1625 1115 1975 1179 nuntiauit.
2113 1115 2248 1179 Sed
2327 1115 2417 1178 illi
2496 1136 2610 1199 pre
2684 1116 2918 1179 ceteris

488 1204 952 1268 ⁴³³cucurrerunt
1026 1203 1183 1285 que4
1228 1223 1343 1284 pre
1417 1201 1681 1265 ceteris³
1740 1210 2135 1265 amauerunt
2181 1203 2486 1265 videlicet
2559 1205 2788 1266 Petrus
2850 1213 2916 1265 et

509 1291 839 1355 Ioannes⁵

1593 1418 1838 1482 Oratio.

504 1534 907 1667 COncede
958 1552 1317 1614 quesumus
1372 1531 1798 1613 omnipotens
1849 1532 2013 1593 deus
2068 1541 2136 1593 vt
2189 1534 2302 1613 qui
2357 1532 2524 1594 festa
2580 1533 2916 1615 paschalia

659 1619 1040 1685 venerando
1102 1619 1377 1701 egimuS,
1427 1639 1544 1700 per
1602 1618 1726 1680 hec
1787 1619 2174 1700 contingere
2234 1618 2319 1681 ad
2382 1620 2627 1700 gaudia
2685 1629 2915 1694 eterna

492 1728 873 1772 mereamur
897 1732 910 1771 :
959 1726 1087 1790 per.

572 1852 640 1922 (Ι
683 1845 1031 1910 Dominica
1064 1844 1133 1906 in
1164 1842 1331 1906 albis
1359 1852 1584 1904 octaua
1602 1842 1838 1923 pasche
1868 1842 2100 1923 duplex
2129 1844 2362 1906 minus,
2453 1843 2565 1906 Ex
2598 1843 2870 1906 Genesz’.⁶

1571 1929 1785 1991 Lectio
1815 1929 1872 1993 .i.

505 2037 728 2165 VIx
806 2037 992 2099 Isaac
1045 2052 1419 2097 sermonem
1473 2032 1882 2114 impleuerat,
1935 2043 2000 2095 et
2055 2053 2323 2114 egresso
2380 2034 2582 2097 Iacob
2625 2035 2799 2097 foras

670 2135 1067 2206 tempusque
1121 2121 1339 2183 veniet
1393 2140 1542 2182 cum
1594 2120 1898 2182 excutias
1951 2129 2018 2182 et
2067 2121 2288 2183 soluas
2350 2121 2576 2203 iugum
2642 2123 2781 2185 eius
2831 2124 2914 2184 de

487 2211 862 2275 ceruicibus
894 2211 1041 2273 tuis,

669 2370 737 2440 (Ι
781 2363 1075 2445 Epistola
1104 2361 1315 2423 Pauli
1340 2359 1610 2441 apostoli
1632 2359 1731 2422 ad
1752 2358 2120 2422 Romanos]
2212 2360 2422 2425 Lectio
2450 2365 2738 2427 secunda.

620 2476 834 2539 Aulus
880 2495 1109 2537 seruus
1170 2474 1316 2536 Iesu
1352 2472 1614 2547 Christi,
1636 2481 1922 2534 *vocatus
1975 2472 2318 2554 apostolus
2472 2478 2768 2554 creatori,
2799 2479 2908 2558 qui

647 2574 747 2629 est
777 2562 1166 2628 benedictus
1198 2561 1263 2624 in
1297 2559 1535 2624 secula.
1625 2559 1866 2623 Amen.

1058 2720 1126 2790 (Ι
1170 2713 1381 2777 Lectio
1413 2713 1606 2775 tertia
1634 2712 1980 2775 secundum
2012 2713 2365 2777 Ioannem.3

585 2830 646 2892 N
682 2828 776 2892 ἰοῦ
807 2827 920 2890 illo
951 2837 1264 2908 tempore.
1358 2823 1531 2888 Cum
1581 2832 1756 2886 esset
1809 2844 1955 2887 sero
2000 2824 2108 2887 die
2155 2825 2268 2889 illo
2301 2849 2431 2890 vna
2462 2828 2911 2906 sabbatorum,

610 2928 676 2980 et
709 2916 879 2978 fores
932 2925 1153 2976 essent
1201 2913 1421 2974 clause
1450 2911 1560 2974 vbi
1609 2921 1798 2974 erant
1850 2912 2154 2993 discipuli
2205 2916 2587 2996 congregati
2644 2928 2914 3001 propter

488 3014 752 3067 metum
815 3003 1169 3065 Iudeorum
1224 2999 1407 3062 venit
1469 2998 1652 3061 Iesus
1706 3007 1773 3060 et
1821 2999 2005 3061 stetit
2060 3000 2124 3061 in
2181 3001 2419 3075 medi0,
2458 3011 2524 3064 et
2577 3002 2752 3066 dixit
2801 3006 2910 3067 eis,

501 3093 646 3154 Pax
681 3088 884 3153 vobiS.
979 3089 1068 3150 Et
1099 3087 1366 3168 reliqua.

1130 3235 1479 3317 Homelia†
1508 3238 1725 3300 sancti
1757 3236 1817 3300 G
1820 3239 2065 3320 regonj
2087 3239 2279 3321 Pape.

512 3356 821 3486 PRima
897 3353 1198 3416 lectionis
1259 3350 1454 3413 huius
1516 3350 1899 3432 euangelice
1963 3351 2223 3433 questio
2298 3354 2591 3416 animum
2671 3356 2908 3437 pulsat,

649 3440 991 3525 quomodo
1024 3450 1174 3521 post
1209 3438 1750 3500 resurrectionem
1798 3458 2034 3520 corpus
2067 3437 2473 3503 dominicum
2508 3461 2737 3504 verum
2770 3443 2910 3518 suit,

486 3529 681 3613 quod
714 3528 952 3592 clausis
986 3527 1197 3590 ianuis
1229 3524 1313 3588 ad
1348 3523 1706 3607 discipulos
1761 3524 2015 3604 ingredi
2049 3526 2283 3608 potuit.
2376 3526 2509 3591 Sed
2565 3528 2906 3592 sciendum

500 3618 691 3681 nobis
739 3626 839 3679 est
885 3613 1065 3697 quod
1120 3613 1345 3676 diuina
1398 3614 1718 3693 operatio,
1749 3612 1801 3673 si
1835 3613 2091 3674 ratione
2144 3614 2729 3696 comprehenditur
2774 3637 2906 3679 non

496 3715 598 3767 est
674 3700 1099 3776 admirabiliS,
1159 3720 1279 3761 nec
1340 3697 1504 3761 fides
1566 3698 1768 3761 habet
1844 3699 2149 3762 meritum
2223 3702 2326 3763 cui
2387 3701 2680 3765 humana
2743 3704 2910 3766 ratio

499 3791 728 3876 prebet
782 3789 1340 3872 experimentum.
1434 3784 1569 3848 Sed
1616 3784 1738 3848 hec
1788 3785 1929 3867 ipsa
1963 3787 2398 3869 redemptoris
2450 3790 2654 3852 nostri
2706 3810 2907 3872 opera

491 3899 625 3961 que
657 3898 745 3940 ex
778 3871 1202 3956 semetipsis¹⁰
1224 3872 1694 3954 comprehendi
1730 3891 2149 3954 nequaquam
2184 3884 2478 3956 possunt,
2496 3897 2584 3938 ex
2609 3876 2739 3939 alia
2771 3879 2910 3940 eius

484 3965 881 4049 operatione
932 3960 1273 4045 pensanda
1324 3969 1494 4032 sunt,
1528 3968 1599 4021 vt
1632 3959 1826 4021 rebus
1881 3959 2290 4023 mirabilibus
2340 3961 2538 4024 fidem
2590 3963 2908 4045 prebeant

497 4053 675 4116 facta
766 4048 1179 4113 mirabiliora.
1305 4045 1477 4107 Illud
1554 4046 1730 4107 enim
1808 4066 2046 4129 corpus
2128 4046 2380 4110 domini
2473 4050 2746 4113 intrauit
2820 4051 2906 4114 ad

486 4138 857 4222 discipulos
912 4135 1123 4198 ianuis
1174 4133 1429 4209 clausiS,
1461 4134 1640 4214 quod
1675 4132 1978 4196 videlicet
2032 4133 2117 4196 ad
2164 4133 2491 4198 humanos
2535 4137 2761 4200 oculos
2794 4159 2910 4221 per

496 4226 917 4290 natiuitatem
951 4242 1140 4285 suam
1188 4220 1414 4283 clauso
1460 4219 1628 4300 exijt
1662 4230 1847 4283 vtero
1879 4221 2165 4303 virginis
2258 4220 2440 4304 Quid
2474 4244 2632 4305 ergo
2666 4225 2904 4288 mirum

589 4377 607 4408 1
642 4379 773 4428 huc:
812 4389 889 4440 39.
1187 4372 1210 4403 2
1241 4390 1331 4423 om.
1365 4386 1441 4437 39.
1471 4383 1565 4422 etc.
1863 4371 1970 4410 ³—³
2003 4391 2093 4423 om.
2124 4387 2202 4436 43.
2492 4376 2512 4406 ⁴
2544 4378 2662 4443 qui:
2700 4392 2777 4442 39.
2807 4389 2900 4430 ete.

587 4442 608 4473 ⁶
642 4445 715 4493 Te
741 4444 937 4492 Deum:
974 4442 1083 4490 add.
1114 4440 1191 4503 63.
1459 4436 1480 4467 ⁸
1513 4438 1684 4499 [xxvii.
1716 4440 1919 4501 30-40.]
2191 4440 2211 4471 '¹'
2245 4442 2368 4506 Cap.
2404 4454 2443 4491 1.
2474 4444 2531 4490 in
2556 4460 2620 4492 m.
2650 4444 2703 4503 [i.
2739 4446 2906 4508 1-25.]

589 4508 609 4539 ³
644 4509 732 4559 Ca.
762 4520 839 4557 20.
870 4509 928 4556 in
951 4524 1016 4557 m.
1448 4504 1470 4533 ⁹
1513 4505 1683 4552 Thus:
1716 4521 1808 4554 om.
1839 4504 1915 4567 38.
1946 4516 2038 4554 etc.
2190 4503 2229 4535 ¹⁰
2263 4507 2562 4572 semetipso:
2600 4508 2707 4571 63.]
