3293 5225
353 465 541 515 xxxviii
1425 470 1793 520 KALENDA
1799 468 2014 520 RJUM.

1558 687 1870 746 ¹1VN1vS

1362 840 1609 890 HABET
1667 839 1832 890 DIES
1888 836 2104 890 .XXX.²

354 960 402 1008 A
408 974 457 1007 u.
468 972 558 1006 mc.
957 957 1083 1005 Dies
2779 953 2861 1003 fol.

584 1050 611 1083 e
670 1034 918 1084 Calendis.
1011 1046 1031 1083 1
1096 1033 1387 1099 Pamphilus
1408 1033 1666 1100 presbyter
1695 1042 1881 1098 martyr
2772 1042 2868 1095 453
2935 1030 3075 1094 [285]

400 1115 512 1162 xix.
587 1112 609 1160 f
703 1111 773 1175 iiij
809 1127 892 1161 no.
1004 1124 1034 1161 2
1093 1112 1418 1162 Marcellinus
1440 1120 1491 1161 et
1518 1114 1693 1162 Petrus
1715 1121 1959 1175 martyres
2771 1118 2870 1173 453
2937 1107 3077 1169 [286]

394 1191 511 1255 viij.
582 1206 614 1253 g
718 1189 771 1253 iij
805 1204 888 1238 no.
1001 1201 1032 1253 3
1090 1189 1168 1239 Ex
1191 1189 1405 1255 epistola
1426 1190 1491 1239 ad
1518 1189 1884 1255 Philippenses.
1958 1190 2138 1255 Itaque
2163 1188 2338 1239 fratres
2779 1186 2874 1251 586
2939 1186 3078 1248 [222]

403 1269 511 1333 xzq'.
573 1270 620 1316 A
654 1267 918 1330 pridiem.
1004 1281 1039 1326 4
1095 1267 1172 1316 Ex
1195 1266 1407 1332 epistola
1430 1279 1498 1318 .1.
1530 1268 1736 1317 Ioannis
1762 1266 1907 1329 Quod
1932 1267 2024 1316 fuit
2781 1262 2893 1327 173³
2936 1263 3076 1326 [103]

466 1362 515 1396 v.
588 1346 622 1393 b
712 1343 880 1394 Nonis
1012 1354 1042 1408 5
1100 1345 1178 1394 Ex
1200 1345 1413 1410 epistola
1436 1356 1503 1395 .1.
1536 1345 1740 1395 Ioannis
1761 1344 1937 1395 Filioli
1959 1345 2058 1394 mei
2783 1354 2874 1404 172
2938 1341 3080 1403 [104]

499 1421 521 1452 ⁴
585 1437 613 1471 0
687 1421 772 1485 viij
808 1422 875 1471 id.
1002 1422 1036 1472 6
1094 1422 1171 1472 Ex
1193 1422 1405 1488 epistola
1426 1434 1496 1473 .1.
1528 1422 1735 1472 Ioannis
1758 1422 1934 1472 Frlioli
1957 1421 2229 1472 nouissima
2779 1430 2870 1483 173
2937 1418 3077 1481 [104]

394 1502 515 1565 xiij.
588 1501 622 1549 d
709 1499 777 1564 vij
812 1499 880 1549 id.
1008 1511 1037 1562 7
1096 1499 1175 1549 Ex
1196 1499 1409 1565 epistola
1432 1512 1499 1551 .1.
1531 1500 1734 1550 Ioannis
1814 1499 1999 1550 Videte
2777 1509 2868 1559 174
2932 1497 3075 1561 [105]

457 1580 514 1639 if.
588 1595 616 1627 e
728 1578 776 1626 vi
811 1577 879 1627 id.
1006 1576 1038 1627 8
1098 1577 1174 1627 Ex
1197 1578 1409 1642 epistola
1432 1590 1499 1628 .1.
1535 1575 1782 1627 Ioannis.⁸
2782 1585 2870 1640 175
2938 1574 3078 1637 [106]

590 1656 614 1704 s
750 1671 781 1704 v
816 1654 882 1705 id.
1008 1666 1043 1717 9
1100 1655 1292 1705 Primus
1314 1664 1364 1705 et
1388 1656 1430 1704 F
1431 1654 1670 1705 elicianus
1693 1664 1934 1719 martyres

461 1751 514 1785 x.
586 1750 620 1797 g
704 1733 776 1797 iiij
811 1732 880 1783 id.
979 1745 1040 1781 10
1096 1732 1173 1782 Ex
1195 1732 1407 1797 epistola
1431 1745 1497 1782 .1.
1531 1733 1733 1782 Ioannis
1804 1733 1978 1782 Omnis
1999 1733 2085 1799 qui
2780 1730 2871 1793 176
2936 1730 3076 1792 [107]

579 1815 626 1860 A
724 1811 777 1875 iij
811 1810 878 1860 id.
980 1823 998 1859 1
1013 1822 1032 1859 1
1094 1811 1362 1859 Barnabas
1381 1812 1626 1873 apostolus
1645 1811 1832 1875 duplex
1853 1813 2033 1860 maius.
2777 1819 2873 1874 454
2940 1808 3082 1872 [286]

377 1887 557 1953 xviij!
592 1890 624 1938 b
662 1889 832 1952 pridie
854 1889 922 1937 id.
985 1900 1044 1937 12
1100 1887 1360 1947 Basilides,
1386 1886 1598 1952 Cyrinus
1620 1897 1672 1938 et
1693 1888 1845 1938 ceteri
1868 1897 2107 1953 martyres

425 1969 517 2032 vij.
590 1983 617 2017 c
718 1968 893 2015 Idibus
987 1978 1043 2029 13
1100 1964 1371 2015 Antonius⁷
1392 1965 1642 2016 confessor
1666 1966 1856 2016 ordinis
1878 1966 2142 2016 minorum.
2455 2018 2474 2037 ·
2778 1979 2878 2026 444
2942 1962 3081 2025 [287]

587 2044 622 2093 d
661 2044 779 2107 xviij
812 2044 906 2093 ml.
982 2056 1040 2105 14
1099 2043 1176 2092 Ex
1199 2042 1411 2108 epistola
1434 2056 1502 2093 .2.
1535 2043 1756 2094 Ioannis.
1826 2043 2005 2094 Senior
2029 2045 2186 2094 electe
2784 2054 2875 2103 177
2943 2041 3084 2104 [108]

431 2139 517 2173 xv.
589 2139 617 2172 e
678 2121 778 2186 xvij
813 2121 906 2170 cal.
983 2130 1039 2184 15
1095 2120 1263 2178 Vitus.
1291 2121 1568 2180 Modestus,
1593 2131 1644 2171 et
1668 2121 1974 2181 Crescentia‚
2002 2130 2242 2187 martyres

415 2201 519 2265 ie'q'j.
592 2200 616 2248 s
701 2200 781 2263 xvj
816 2200 909 2249 cal.
986 2198 1045 2248 16
1103 2199 1179 2248 Ex
1204 2199 1417 2264 epistola
1440 2236 1453 2249 .
1463 2211 1508 2262 3.
1540 2198 1766 2249 loannis⁸
2789 2197 2880 2259 178
2945 2197 3083 2260 [109]

592 2294 625 2341 g
716 2294 779 2325 xv
813 2278 907 2326 eal.
983 2288 1039 2339 17
1100 2277 1177 2326 Ex
1201 2277 1412 2341 epistola
1436 2289 1504 2327 .1.
1534 2276 1599 2326 ad
1623 2277 1978 2328 Colossienses.
2053 2278 2238 2327 Paulus
2782 2288 2881 2337 409
2944 2274 3085 2338 [230]

397 2351 522 2420 xij!
578 2357 626 2403 A
674 2354 777 2418 xiiij
812 2355 904 2404 cal.
981 2353 1040 2403 18
1097 2354 1298 2404 Marcus
1320 2364 1370 2403 et
1396 2348 1794 2405 Marcellianus²⁰
1815 2364 2055 2419 martyres
2775 2367 2874 2415 410
2941 2353 3081 2415 [287]

426 2430 525 2497 ]“.,”
595 2432 630 2483 b
699 2431 784 2496 xiij
820 2433 914 2482 eal.
990 2444 1048 2495 19
1104 2431 1373 2482 Geruasius
1393 2441 1444 2482 et
1472 2431 1758 2483 Prothasius
1780 2442 2021 2498 martyres
2784 2442 2881 2495 455
2949 2429 3089 2492 [288]

594 2525 622 2559 0
672 2510 677 2517 '
717 2508 785 2573 xij
819 2510 912 2559 cal.
983 2522 1048 2560 2ο
1102 2509 1342 2560 Siluerius
1366 2526 1499 2575 papa
1521 2518 1706 2575 martyr

455 2589 526 2638 ix.
596 2588 630 2637 d
740 2587 789 2652 xj
825 2588 919 2638 cal.
989 2600 1047 2638 21
1112 2588 1189 2638 Ex
1212 2587 1423 2653 epistola
1445 2588 1510 2640 ad
1534 2587 1872 2640 colossenses.
1944 2588 2019 2640 Et
2042 2604 2131 2639 vos
2153 2603 2282 2639 cum.
2787 2599 2886 2648 410
2948 2585 3089 2654 [231]

598 2681 625 2714 e
758 2681 790 2714 x
823 2665 915 2714 eal.
986 2677 1049 2714 22
1108 2665 1342 2715 Paulinus
1364 2666 1626 2731 episcopus
1650 2664 1743 2716 et²²
1763 2665 2011 2717 confessor

395 2743 524 2807 xvij.
599 2742 622 2791 s
738 2742 788 2792 ix
822 2743 916 2792 cal.
986 2755 1049 2806 23
1108 2742 1185 2792 Ex
1207 2741 1419 2808 epistola
1440 2743 1506 2793 ad
1530 2744 1867 2795 Colossenses.
1954 2743 2131 2793 Videte
2155 2758 2233 2793 ne.
2262 2742 2524 2806 4112231]
2547 2742 2731 2808 vigilia

458 2822 567 2886 vj.-'
600 2836 633 2883 g
711 2820 796 2884 viij
830 2821 923 2870 cal.
995 2833 1059 2881 24
1112 2818 1425 2870 Numanus-¹³
1446 2823 1659 2871 loanmlr
1681 2823 1910 2886 Baptiste
1929 2823 2115 2885 duplex
2136 2822 2304 2870 maius
2790 2829 2888 2884 455
2953 2818 3093 2882 [289]

592 2900 639 2947 Α
724 2898 792 2962 vij
827 2900 919 2947 cal.
990 2907 1051 2961 25
1110 2899 1190 2947 De
1212 2908 1389 2948 octaua
1411 2900 1570 2949 sancti
1596 2899 1801 2949 Ioannis
2789 2897 2889 2961 456
2954 2898 3094 2959 [290]

392 2976 534 3040 xiiij.
605 2975 640 3024 b
729 2975 793 3024 vi.
832 2976 925 3026 cal.
996 2974 1060 3024 26
1117 2976 1331 3025 loannes
1350 2984 1398 3024 et
1422 2977 1618 3025 Paulus
1639 2985 1888 3039 martyres
1907 2976 2092 3041 duplex
2112 2977 2287 3025 minus
2793 2974 2891 3039 456
2955 2974 3096 3036 [291]

452 3055 532 3118 izj.
604 3069 630 3101 c
744 3070 789 3102 v.
829 3055 922 3102 cal.
993 3064 1054 3113 27
1115 3054 1195 3102 De
1217 3063 1395 3104 octaua
1417 3054 1576 3104 sancti
1602 3054 1804 3104 Ioannis
2790 3063 2887 3116 457
2955 3052 3096 3115 [292]

605 3130 639 3179 d
725 3131 795 3195 iiij
830 3132 923 3180 eal.
992 3129 1057 3180 28
1114 3131 1194 3181 De
1217 3140 1397 3181 octaua
1418 3131 1576 3181 sancti
1603 3132 1809 3182 Ioannis
1832 3143 1927 3196 457
1952 3132 2093 3193 [292]
2115 3131 2300 3195 Vigilia

458 3210 533 3258 xi.
606 3225 633 3257 e
742 3208 794 3273 iij
830 3209 922 3258 cal.
994 3221 1058 3270 29
1114 3209 1297 3258 Petrus
1317 3217 1365 3258 et
1389 3210 1587 3258 Paulus
1607 3211 1818 3273 apostoli
1835 3210 2019 3273 duplex
2042 3211 2224 3258 maius.
2797 3218 2894 3271 457
2961 3208 3103 3271 [293]

608 3288 631 3336 f
674 3288 844 3350 pridie
864 3287 956 3335 cal.
997 3299 1063 3350 30
1122 3288 1529 3337 Commemoratio
1551 3288 1714 3336 Pauli
1730 3289 1940 3352 apostoli
1956 3288 2141 3351 duplex
2162 3288 2352 3335 minus.
2797 3282 2895 3349 458
2960 3284 3102 3346 [294]

2931 3360 2973 3392 ιι

516 3504 531 3534 ¹
569 3505 670 3554 Dat
711 3504 880 3554 Iunius
919 3504 1100 3555 foena:
1139 3513 1224 3570 pr.
1286 3504 1366 3555 66.
1454 3505 1626 3555 Iunius
1660 3506 1747 3555 dat
1780 3506 1957 3555 foena:
1997 3513 2081 3569 pr.
2134 3504 2214 3555 61.
2321 3503 2493 3554 Iunius
2539 3504 2628 3553 dar
2682 3503 2826 3553 fena:
2877 3512 2962 3566 pr.
3017 3501 3100 3563 64.

388 3570 452 3620 K.
464 3570 521 3621 L.
542 3580 625 3634 pr.
657 3571 733 3632 38.
1845 3569 1868 3600 ‘·'
1903 3571 2055 3619 Luna
2076 3586 2191 3619 vero
2213 3571 2382 3619 ‚xxxta
2408 3571 2521 3618 add.
2551 3568 2629 3632 38.

514 3633 537 3666 ³
578 3634 839 3700 77ms,sor
864 3646 969 3695 170.
1849 3634 1869 3665 ⁴
1902 3635 1986 3710 xiij
2011 3654 2024 3685 ι
2060 3636 2170 3684 add.
2199 3634 2280 3684 61.

515 3698 536 3729 ³
576 3699 900 3750 charissimi:
935 3700 1047 3749 add.
1077 3700 1140 3763 38
1162 3701 1251 3751 Sec.
1844 3697 1866 3730 ⁶
1899 3700 2035 3750 mi:
2077 3713 2158 3762 42.

512 3763 534 3797 '¹
568 3766 889 3842 Antoninus:
926 3776 1005 3829 43.
1850 3763 1872 3796 ⁸
1905 3766 2081 3815 Senior
2104 3767 2264 3841 ².‘²dd·
2295 3763 2359 3828 38
2381 3764 2470 3815 &c.
2542 3763 2720 3815 Senior
2746 3763 2902 3813 Caio:
2941 3776 3021 3828 39.

514 3828 874 3944 :¹xaltje.4611.6¹·
1353 3892 1393 3925 ¹3
1423 3896 1560 3945 omit.
1590 3908 1669 3960 39.
1697 3897 1798 3947 810.
1840 3828 1879 3861 ¹⁰
1914 3832 2268 3882 Marceumusg
2303 3843 2645 3946 3⁹¹³usancti:
2681 3896 2793 3944 add.
2825 3907 2901 3957 39.
2932 3896 3020 3945 &c.

1073 3984 1092 4021 1
1757 3987 1776 4023 1

515 4035 554 4066 ¹⁴
589 4037 720 4102 Iunij
746 4036 868 4086 Dies
912 3971 957 4165 {
1041 4049 1100 4086 10
1177 3972 1221 4167 }
1262 4037 1408 4088 horas
1431 4038 1582 4088 habet
1628 3973 1674 4167 «ί
1757 3984 1814 4103 ιξ
1877 3975 1941 4219 ὲ
2013 4038 2130 4089 Nox
2212 3972 2258 4168 {
2335 3986 2369 4101 3

1036 4115 1101 4152 20
1757 4116 1776 4153 1

1521 4171 1631 4219 add.
1661 4168 1740 4219 61.
1769 4115 1848 4229 6⁵4.
1944 4207 1956 4219 .
2336 4116 2369 4167 ⁹

510 4257 556 4307 ε
594 4247 784 4294 Cancer
814 4245 1081 4294 huneidum
1117 4253 1165 4294 et
1179 4245 1462 4311 sng‘idum,
1498 4248 1549 4294 si
1577 4263 1704 4295 num
1739 4249 1857 4296 indi
1891 4264 2044 4296 erens.
2127 4247 2320 4307 Pectus,
2359 4246 2539 4312 pulsio,
2576 4246 2726 4304 iecur,
2764 4262 2874 4295 cum
2911 4244 3113 4295 Cancro

379 4326 480 4360 non
515 4311 798 4360 minuantur
868 4309 1075 4360 Somnia
1113 4311 1236 4360 falsa
1276 4310 1434 4371 vides,
1473 4328 1497 4361 s
1597 4311 1808 4362 tundere
1864 4311 2106 4362 tondere:
2160 4311 2240 4363 61.
2279 4310 2388 4374 64.]
2422 4321 2474 4362 tu
2513 4313 2635 4362 sinis
2672 4326 2874 4375 vngues.
2963 4310 3113 4359 Potio

372 4375 612 4441 diligitur,
640 4391 838 4425 securus
863 4375 1027 4440 pergis
1048 4385 1101 4424 vt
1126 4376 1237 4425 itur.
1308 4378 1420 4426 add.
1451 4389 1530 4440 39.
1557 4390 1637 4438 41.
1667 4390 1747 4441 43.
1777 4378 1856 4428 61.
1885 4377 1965 4437 64.

509 4454 569 4503 In
595 4454 741 4503 Iunio
761 4463 934 4518 gentes
958 4454 1248 4518 perturbent
1272 4454 1421 4503 medo
1446 4454 1690 4504 bibenteS.
1763 4456 1929 4519 Atque
1963 4456 2267 4504 nouellarem
2301 4453 2416 4519 fuge
2521 4465 2597 4504 tus
2631 4453 2947 4503 ceruislarum
2972 4469 2984 4501 :
3025 4452 3109 4501 Ne

376 4528 552 4570 noceat
574 4522 793 4581 cholera,
818 4519 951 4570 valet
973 4518 1095 4569 haec
1118 4518 1321 4569 refectio
1345 4535 1475 4569 vera.
1551 4520 1799 4570 lactucae
1823 4521 2022 4570 frondes
2045 4520 2158 4579 ede,
2184 4519 2376 4570 ieiunus
2400 4520 2451 4569 bi
2540 4519 2715 4569 sontes.
2788 4519 2899 4566 add.
2930 4516 3012 4567 66.
