<?xml version="1.0" encoding="UTF-8"?>
<!DOCTYPE html PUBLIC "-//W3C//DTD XHTML 1.0 Transitional//EN"
    "http://www.w3.org/TR/xhtml1/DTD/xhtml1-transitional.dtd">
<html xmlns="http://www.w3.org/1999/xhtml" xml:lang="en" lang="en">
 <head>
  <title>
</title>
<meta http-equiv="Content-Type" content="text/html;charset=utf-8" />
  <meta name='ocr-system' content='tesseract 3.04.00' />
  <meta name='ocr-capabilities' content='ocr_page ocr_carea ocr_par ocr_line ocrx_word'/>
</head>
<body>
  <div class='ocr_page' id='page_1' title='image "./secondrecension00legggoog_0320.png"; bbox 0 0 3293 5225; ppageno 0'>
   <div class='ocr_carea' id='block_1_1' title="bbox 516 527 2927 591">
    <p class='ocr_par' dir='ltr' id='par_1_1' title="bbox 516 527 2927 591">
     <span class='ocr_line' id='line_1_1' title="bbox 516 527 2927 591; baseline 0.001 -13"><span class='ocrx_word' id='word_1_1' title='bbox 516 527 616 590; x_wconf 84' lang='lat'>246</span> <span class='ocrx_word' id='word_1_2' title='bbox 1293 529 1587 580; x_wconf 83' lang='lat' dir='ltr'><em>OCTAVA</em></span> <span class='ocrx_word' id='word_1_3' title='bbox 1644 528 2141 579; x_wconf 85' lang='lat' dir='ltr'><em>EPIPHANIAE.</em></span> <span class='ocrx_word' id='word_1_4' title='bbox 2669 528 2816 591; x_wconf 74' lang='lat' dir='ltr'>[IAN.</span> <span class='ocrx_word' id='word_1_5' title='bbox 2850 541 2927 582; x_wconf 87' lang='lat'>10.</span> 
     </span>
    </p>
   </div>
   <div class='ocr_carea' id='block_1_2' title="bbox 1013 830 2406 1026">
    <p class='ocr_par' dir='ltr' id='par_1_2' title="bbox 1013 830 2406 1026">
     <span class='ocr_line' id='line_1_2' title="bbox 1220 830 2210 912; baseline 0.001 -17"><span class='ocrx_word' id='word_1_6' title='bbox 1220 831 1353 895; x_wconf 82' lang='lat' dir='ltr'>Die</span> <span class='ocrx_word' id='word_1_7' title='bbox 1381 849 1456 912; x_wconf 90' lang='lat'>.9.</span> <span class='ocrx_word' id='word_1_8' title='bbox 1484 832 1562 894; x_wconf 78' lang='lat' dir='ltr'>de</span> <span class='ocrx_word' id='word_1_9' title='bbox 1591 842 1813 895; x_wconf 86' lang='lat' dir='ltr'>octaua</span> <span class='ocrx_word' id='word_1_10' title='bbox 1841 830 2210 912; x_wconf 56' lang='lat' dir='ltr'>epzplzamk}</span> 
     </span>
     <span class='ocr_line' id='line_1_3' title="bbox 1013 943 2406 1026; baseline 0.001 -19"><span class='ocrx_word' id='word_1_11' title='bbox 1013 943 1225 1007; x_wconf 85' lang='lat' dir='ltr'><em>Lectio</em></span> <span class='ocrx_word' id='word_1_12' title='bbox 1256 945 1367 1026; x_wconf 60' lang='lat' dir='ltr'>,iili</span> <span class='ocrx_word' id='word_1_13' title='bbox 1396 964 1603 1006; x_wconf 81' lang='lat' dir='ltr'>sermo</span> <span class='ocrx_word' id='word_1_14' title='bbox 1634 965 1699 1009; x_wconf 66' lang='grc'>,3.</span> <span class='ocrx_word' id='word_1_15' title='bbox 1729 944 2103 1025; x_wconf 78' lang='lat' dir='ltr'><em>Augustini</em></span> <span class='ocrx_word' id='word_1_16' title='bbox 2124 944 2406 1025; x_wconf 84' lang='lat' dir='ltr'><em>episcopi.</em></span> 
     </span>
    </p>
   </div>
   <div class='ocr_carea' id='block_1_3' title="bbox 498 1071 2923 2549">
    <p class='ocr_par' dir='ltr' id='par_1_3' title="bbox 498 1071 2923 2549">
     <span class='ocr_line' id='line_1_4' title="bbox 523 1071 2921 1202; baseline 0 -66"><span class='ocrx_word' id='word_1_17' title='bbox 523 1071 657 1202; x_wconf 84' lang='lat' dir='ltr'>N</span> <span class='ocrx_word' id='word_1_18' title='bbox 678 1072 864 1156; x_wconf 85' lang='lat' dir='ltr'>Uper</span> <span class='ocrx_word' id='word_1_19' title='bbox 894 1071 1372 1135; x_wconf 88' lang='lat' dir='ltr'>celebrauimus</span> <span class='ocrx_word' id='word_1_20' title='bbox 1417 1071 1595 1135; x_wconf 91' lang='lat' dir='ltr'>diem</span> <span class='ocrx_word' id='word_1_21' title='bbox 1628 1092 1766 1154; x_wconf 93' lang='lat' dir='ltr'>quo</span> <span class='ocrx_word' id='word_1_22' title='bbox 1809 1092 1899 1135; x_wconf 89' lang='lat' dir='ltr'>ex</span> <span class='ocrx_word' id='word_1_23' title='bbox 1938 1072 2160 1135; x_wconf 91' lang='lat' dir='ltr'>Iudeis</span> <span class='ocrx_word' id='word_1_24' title='bbox 2209 1071 2542 1135; x_wconf 88' lang='lat' dir='ltr'>Dominus</span> <span class='ocrx_word' id='word_1_25' title='bbox 2575 1081 2771 1136; x_wconf 90' lang='lat' dir='ltr'>natus</span> <span class='ocrx_word' id='word_1_26' title='bbox 2804 1082 2921 1149; x_wconf 89' lang='lat' dir='ltr'>est,</span> 
     </span>
     <span class='ocr_line' id='line_1_5' title="bbox 702 1158 2920 1242; baseline -0 -20"><span class='ocrx_word' id='word_1_27' title='bbox 702 1159 901 1222; x_wconf 93' lang='lat' dir='ltr'>hodie</span> <span class='ocrx_word' id='word_1_28' title='bbox 945 1158 1355 1224; x_wconf 86' lang='lat' dir='ltr'>celebramus</span> <span class='ocrx_word' id='word_1_29' title='bbox 1401 1179 1539 1240; x_wconf 93' lang='lat' dir='ltr'>quo</span> <span class='ocrx_word' id='word_1_30' title='bbox 1567 1180 1607 1221; x_wconf 92' lang='lat' dir='ltr'>a</span> <span class='ocrx_word' id='word_1_31' title='bbox 1654 1159 1964 1241; x_wconf 89' lang='lat' dir='ltr'>gentibus</span> <span class='ocrx_word' id='word_1_32' title='bbox 2010 1158 2325 1223; x_wconf 90' lang='lat' dir='ltr'>adoratus</span> <span class='ocrx_word' id='word_1_33' title='bbox 2370 1169 2488 1224; x_wconf 86' lang='lat' dir='ltr'>est.</span> <span class='ocrx_word' id='word_1_34' title='bbox 2581 1159 2920 1242; x_wconf 82' lang='lat' dir='ltr'>Quoniam</span> 
     </span>
     <span class='ocr_line' id='line_1_6' title="bbox 505 1245 2923 1328; baseline 0 -18"><span class='ocrx_word' id='word_1_35' title='bbox 505 1245 685 1310; x_wconf 89' lang='lat' dir='ltr'>salus</span> <span class='ocrx_word' id='word_1_36' title='bbox 717 1268 807 1310; x_wconf 88' lang='lat' dir='ltr'>ex</span> <span class='ocrx_word' id='word_1_37' title='bbox 842 1248 1065 1310; x_wconf 92' lang='lat' dir='ltr'>Iudeis</span> <span class='ocrx_word' id='word_1_38' title='bbox 1095 1258 1213 1324; x_wconf 90' lang='lat' dir='ltr'>est,</span> <span class='ocrx_word' id='word_1_39' title='bbox 1245 1246 1361 1309; x_wconf 90' lang='lat' dir='ltr'>sed</span> <span class='ocrx_word' id='word_1_40' title='bbox 1393 1246 1514 1310; x_wconf 92' lang='lat' dir='ltr'>hec</span> <span class='ocrx_word' id='word_1_41' title='bbox 1561 1246 1741 1309; x_wconf 91' lang='lat' dir='ltr'>salus</span> <span class='ocrx_word' id='word_1_42' title='bbox 1772 1267 1981 1328; x_wconf 90' lang='lat' dir='ltr'>vsque</span> <span class='ocrx_word' id='word_1_43' title='bbox 2011 1246 2098 1309; x_wconf 89' lang='lat' dir='ltr'>ad</span> <span class='ocrx_word' id='word_1_44' title='bbox 2144 1245 2307 1308; x_wconf 87' lang='lat' dir='ltr'><strong>fines</strong></span> <span class='ocrx_word' id='word_1_45' title='bbox 2340 1257 2526 1309; x_wconf 92' lang='lat' dir='ltr'>terre.</span> <span class='ocrx_word' id='word_1_46' title='bbox 2620 1248 2797 1310; x_wconf 90' lang='lat' dir='ltr'>Nam</span> <span class='ocrx_word' id='word_1_47' title='bbox 2830 1245 2923 1310; x_wconf 74' lang='lat' dir='ltr'>et²</span> 
     </span>
     <span class='ocr_line' id='line_1_7' title="bbox 508 1332 2922 1417; baseline 0 -22"><span class='ocrx_word' id='word_1_48' title='bbox 508 1333 623 1396; x_wconf 90' lang='lat' dir='ltr'>illo</span> <span class='ocrx_word' id='word_1_49' title='bbox 683 1335 791 1397; x_wconf 92' lang='lat' dir='ltr'>die</span> <span class='ocrx_word' id='word_1_50' title='bbox 844 1345 1142 1417; x_wconf 90' lang='lat' dir='ltr'>pastores</span> <span class='ocrx_word' id='word_1_51' title='bbox 1203 1335 1667 1409; x_wconf 90' lang='lat' dir='ltr'>adorauerunt,</span> <span class='ocrx_word' id='word_1_52' title='bbox 1727 1332 1925 1396; x_wconf 92' lang='lat' dir='ltr'>hodie</span> <span class='ocrx_word' id='word_1_53' title='bbox 1989 1332 2193 1414; x_wconf 83' lang='lat' dir='ltr'>Magi.</span> <span class='ocrx_word' id='word_1_54' title='bbox 2288 1332 2426 1396; x_wconf 91' lang='lat' dir='ltr'>Illis</span> <span class='ocrx_word' id='word_1_55' title='bbox 2479 1334 2716 1415; x_wconf 84' lang='lat' dir='ltr'>angeli,</span> <span class='ocrx_word' id='word_1_56' title='bbox 2780 1335 2922 1396; x_wconf 88' lang='lat' dir='ltr'>istis</span> 
     </span>
     <span class='ocr_line' id='line_1_8' title="bbox 505 1419 2917 1503; baseline 0 -20"><span class='ocrx_word' id='word_1_57' title='bbox 505 1430 731 1484; x_wconf 90' lang='lat' dir='ltr'>autem</span> <span class='ocrx_word' id='word_1_58' title='bbox 778 1420 971 1484; x_wconf 89' lang='lat' dir='ltr'>stella</span> <span class='ocrx_word' id='word_1_59' title='bbox 1019 1422 1376 1485; x_wconf 89' lang='lat' dir='ltr'>nunciauit.</span> <span class='ocrx_word' id='word_1_60' title='bbox 1466 1421 1751 1502; x_wconf 85' lang='lat' dir='ltr'><strong>Vtrique</strong></span> <span class='ocrx_word' id='word_1_61' title='bbox 1797 1420 1882 1483; x_wconf 90' lang='lat' dir='ltr'>de</span> <span class='ocrx_word' id='word_1_62' title='bbox 1913 1419 2056 1482; x_wconf 93' lang='lat' dir='ltr'>celo</span> <span class='ocrx_word' id='word_1_63' title='bbox 2091 1419 2462 1484; x_wconf 89' lang='lat' dir='ltr'>didicerunt</span> <span class='ocrx_word' id='word_1_64' title='bbox 2494 1441 2646 1485; x_wconf 91' lang='lat' dir='ltr'>cum</span> <span class='ocrx_word' id='word_1_65' title='bbox 2695 1441 2917 1503; x_wconf 90' lang='lat' dir='ltr'>regem</span> 
     </span>
     <span class='ocr_line' id='line_1_9' title="bbox 506 1507 2921 1590; baseline 0 -20"><span class='ocrx_word' id='word_1_66' title='bbox 506 1508 627 1570; x_wconf 90' lang='lat' dir='ltr'>celi</span> <span class='ocrx_word' id='word_1_67' title='bbox 674 1508 741 1571; x_wconf 94' lang='lat' dir='ltr'>in</span> <span class='ocrx_word' id='word_1_68' title='bbox 775 1518 945 1571; x_wconf 92' lang='lat' dir='ltr'>terra</span> <span class='ocrx_word' id='word_1_69' title='bbox 990 1509 1316 1585; x_wconf 88' lang='lat' dir='ltr'>viderunt,</span> <span class='ocrx_word' id='word_1_70' title='bbox 1346 1518 1417 1571; x_wconf 90' lang='lat' dir='ltr'>vt</span> <span class='ocrx_word' id='word_1_71' title='bbox 1447 1516 1622 1570; x_wconf 89' lang='lat' dir='ltr'>esset</span> <span class='ocrx_word' id='word_1_72' title='bbox 1653 1507 1860 1590; x_wconf 91' lang='lat' dir='ltr'>gloria</span> <span class='ocrx_word' id='word_1_73' title='bbox 1907 1507 1972 1570; x_wconf 92' lang='lat' dir='ltr'>in</span> <span class='ocrx_word' id='word_1_74' title='bbox 2005 1507 2289 1570; x_wconf 82' lang='lat' dir='ltr'>excelsis</span> <span class='ocrx_word' id='word_1_75' title='bbox 2338 1507 2503 1584; x_wconf 89' lang='lat' dir='ltr'>De0,</span> <span class='ocrx_word' id='word_1_76' title='bbox 2533 1517 2601 1571; x_wconf 91' lang='lat' dir='ltr'>et</span> <span class='ocrx_word' id='word_1_77' title='bbox 2647 1508 2712 1570; x_wconf 91' lang='lat' dir='ltr'>in</span> <span class='ocrx_word' id='word_1_78' title='bbox 2748 1519 2921 1571; x_wconf 91' lang='lat' dir='ltr'>terra</span> 
     </span>
     <span class='ocr_line' id='line_1_10' title="bbox 507 1594 2916 1678; baseline -0 -21"><span class='ocrx_word' id='word_1_79' title='bbox 507 1615 645 1678; x_wconf 88' lang='lat' dir='ltr'>pax</span> <span class='ocrx_word' id='word_1_80' title='bbox 676 1595 1060 1659; x_wconf 93' lang='lat' dir='ltr'>hominibus</span> <span class='ocrx_word' id='word_1_81' title='bbox 1105 1595 1280 1658; x_wconf 90' lang='lat' dir='ltr'>bone</span> <span class='ocrx_word' id='word_1_82' title='bbox 1309 1594 1688 1658; x_wconf 63' lang='lat' dir='ltr'>voluntatis</span> <span class='ocrx_word' id='word_1_83' title='bbox 1784 1595 1935 1676; x_wconf 88' lang='lat' dir='ltr'>Ipse</span> <span class='ocrx_word' id='word_1_84' title='bbox 1980 1604 2081 1657; x_wconf 89' lang='lat' dir='ltr'>est</span> <span class='ocrx_word' id='word_1_85' title='bbox 2126 1596 2304 1657; x_wconf 90' lang='lat' dir='ltr'>enim</span> <span class='ocrx_word' id='word_1_86' title='bbox 2340 1616 2477 1677; x_wconf 82' lang='lat' dir='ltr'>pax</span> <span class='ocrx_word' id='word_1_87' title='bbox 2527 1606 2774 1672; x_wconf 89' lang='lat' dir='ltr'>nostra,</span> <span class='ocrx_word' id='word_1_88' title='bbox 2803 1596 2916 1677; x_wconf 90' lang='lat' dir='ltr'>qui</span> 
     </span>
     <span class='ocr_line' id='line_1_11' title="bbox 505 1681 2917 1765; baseline 0 -22"><span class='ocrx_word' id='word_1_89' title='bbox 505 1681 660 1745; x_wconf 86' lang='lat' dir='ltr'>fecit</span> <span class='ocrx_word' id='word_1_90' title='bbox 703 1693 985 1765; x_wconf 90' lang='lat' dir='ltr'>vtraque</span> <span class='ocrx_word' id='word_1_91' title='bbox 1033 1702 1249 1746; x_wconf 90' lang='lat' dir='ltr'>vnum.</span> <span class='ocrx_word' id='word_1_92' title='bbox 1346 1683 1488 1745; x_wconf 88' lang='lat' dir='ltr'>Iam</span> <span class='ocrx_word' id='word_1_93' title='bbox 1551 1682 1656 1744; x_wconf 91' lang='lat' dir='ltr'>hic</span> <span class='ocrx_word' id='word_1_94' title='bbox 1705 1681 1922 1743; x_wconf 90' lang='lat' dir='ltr'>infans</span> <span class='ocrx_word' id='word_1_95' title='bbox 1968 1691 2165 1744; x_wconf 89' lang='lat' dir='ltr'>natus</span> <span class='ocrx_word' id='word_1_96' title='bbox 2226 1691 2430 1763; x_wconf 91' lang='lat' dir='ltr'>atque</span> <span class='ocrx_word' id='word_1_97' title='bbox 2477 1682 2917 1746; x_wconf 87' lang='lat' dir='ltr'>annunciatus</span> 
     </span>
     <span class='ocr_line' id='line_1_12' title="bbox 503 1768 2917 1852; baseline -0 -21"><span class='ocrx_word' id='word_1_98' title='bbox 503 1770 875 1833; x_wconf 86' lang='lat' dir='ltr'>ostenditur</span> <span class='ocrx_word' id='word_1_99' title='bbox 905 1768 1073 1852; x_wconf 88' lang='lat' dir='ltr'>lapis</span> <span class='ocrx_word' id='word_1_100' title='bbox 1104 1769 1214 1832; x_wconf 92' lang='lat' dir='ltr'>ille</span> <span class='ocrx_word' id='word_1_101' title='bbox 1245 1769 1599 1851; x_wconf 66' lang='lat' dir='ltr'>angularis</span> <span class='ocrx_word' id='word_1_102' title='bbox 1697 1768 1838 1831; x_wconf 90' lang='lat' dir='ltr'>Iam</span> <span class='ocrx_word' id='word_1_103' title='bbox 1873 1769 1936 1831; x_wconf 92' lang='lat' dir='ltr'>in</span> <span class='ocrx_word' id='word_1_104' title='bbox 1972 1770 2118 1850; x_wconf 87' lang='lat' dir='ltr'>ipso</span> <span class='ocrx_word' id='word_1_105' title='bbox 2150 1769 2513 1851; x_wconf 87' lang='lat' dir='ltr'>primordio</span> <span class='ocrx_word' id='word_1_106' title='bbox 2546 1769 2917 1833; x_wconf 89' lang='lat' dir='ltr'>natiuitatis</span> 
     </span>
     <span class='ocr_line' id='line_1_13' title="bbox 501 1856 2918 1939; baseline 0.001 -22"><span class='ocrx_word' id='word_1_107' title='bbox 501 1858 811 1939; x_wconf 89' lang='lat' dir='ltr'>apparuit</span> <span class='ocrx_word' id='word_1_108' title='bbox 870 1857 1040 1919; x_wconf 91' lang='lat' dir='ltr'>duos</span> <span class='ocrx_word' id='word_1_109' title='bbox 1089 1877 1176 1919; x_wconf 82' lang='lat' dir='ltr'>ex</span> <span class='ocrx_word' id='word_1_110' title='bbox 1240 1856 1501 1919; x_wconf 88' lang='lat' dir='ltr'>diuerso</span> <span class='ocrx_word' id='word_1_111' title='bbox 1562 1858 1846 1939; x_wconf 91' lang='lat' dir='ltr'>parietes</span> <span class='ocrx_word' id='word_1_112' title='bbox 1909 1857 1973 1917; x_wconf 91' lang='lat' dir='ltr'>in</span> <span class='ocrx_word' id='word_1_113' title='bbox 2029 1877 2099 1917; x_wconf 90' lang='lat' dir='ltr'>se</span> <span class='ocrx_word' id='word_1_114' title='bbox 2159 1856 2469 1937; x_wconf 91' lang='lat' dir='ltr'>copulare</span> <span class='ocrx_word' id='word_1_115' title='bbox 2530 1857 2662 1919; x_wconf 89' lang='lat' dir='ltr'>iam</span> <span class='ocrx_word' id='word_1_116' title='bbox 2725 1857 2918 1939; x_wconf 86' lang='lat' dir='ltr'><strong>cepit,</strong></span> 
     </span>
     <span class='ocr_line' id='line_1_14' title="bbox 503 1943 2919 2025; baseline 0 -21"><span class='ocrx_word' id='word_1_117' title='bbox 503 1955 802 2024; x_wconf 88' lang='lat' dir='ltr'>pastores</span> <span class='ocrx_word' id='word_1_118' title='bbox 846 1965 886 2005; x_wconf 90' lang='lat' dir='ltr'>a</span> <span class='ocrx_word' id='word_1_119' title='bbox 938 1944 1162 2020; x_wconf 89' lang='lat' dir='ltr'>ludea,</span> <span class='ocrx_word' id='word_1_120' title='bbox 1194 1963 1427 2025; x_wconf 84' lang='lat' dir='ltr'>magos</span> <span class='ocrx_word' id='word_1_121' title='bbox 1458 1944 1544 2006; x_wconf 92' lang='lat' dir='ltr'>ab</span> <span class='ocrx_word' id='word_1_122' title='bbox 1588 1945 1842 2006; x_wconf 89' lang='lat' dir='ltr'>oriente</span> <span class='ocrx_word' id='word_1_123' title='bbox 1875 1943 2241 2025; x_wconf 90' lang='lat' dir='ltr'>perducens</span> <span class='ocrx_word' id='word_1_124' title='bbox 2273 1955 2343 2006; x_wconf 91' lang='lat' dir='ltr'>vt</span> <span class='ocrx_word' id='word_1_125' title='bbox 2387 1944 2557 2006; x_wconf 89' lang='lat' dir='ltr'>duos</span> <span class='ocrx_word' id='word_1_126' title='bbox 2603 1944 2919 2007; x_wconf 85' lang='lat' dir='ltr'>conderet</span> 
     </span>
     <span class='ocr_line' id='line_1_15' title="bbox 499 2030 2913 2112; baseline 0 -20"><span class='ocrx_word' id='word_1_127' title='bbox 499 2031 563 2092; x_wconf 92' lang='lat' dir='ltr'>in</span> <span class='ocrx_word' id='word_1_128' title='bbox 600 2052 670 2093; x_wconf 89' lang='lat' dir='ltr'>se</span> <span class='ocrx_word' id='word_1_129' title='bbox 702 2031 768 2093; x_wconf 89' lang='lat' dir='ltr'>in</span> <span class='ocrx_word' id='word_1_130' title='bbox 804 2051 1004 2094; x_wconf 91' lang='lat' dir='ltr'>vnum</span> <span class='ocrx_word' id='word_1_131' title='bbox 1038 2050 1285 2093; x_wconf 91' lang='lat' dir='ltr'>nouum</span> <span class='ocrx_word' id='word_1_132' title='bbox 1329 2030 1705 2093; x_wconf 90' lang='lat' dir='ltr'>hominem:</span> <span class='ocrx_word' id='word_1_133' title='bbox 1751 2030 1998 2093; x_wconf 86' lang='lat' dir='ltr'>faciens</span> <span class='ocrx_word' id='word_1_134' title='bbox 2046 2050 2299 2111; x_wconf 85' lang='lat' dir='ltr'><strong>pacem.</strong></span> <span class='ocrx_word' id='word_1_135' title='bbox 2393 2031 2632 2093; x_wconf 84' lang='lat' dir='ltr'>Pacem</span> <span class='ocrx_word' id='word_1_136' title='bbox 2667 2031 2769 2093; x_wconf 89' lang='lat' dir='ltr'>his</span> <span class='ocrx_word' id='word_1_137' title='bbox 2800 2031 2913 2112; x_wconf 92' lang='lat' dir='ltr'>qui</span> 
     </span>
     <span class='ocr_line' id='line_1_16' title="bbox 500 2115 2917 2200; baseline 0 -21"><span class='ocrx_word' id='word_1_138' title='bbox 500 2115 700 2199; x_wconf 90' lang='lat' dir='ltr'>longe</span> <span class='ocrx_word' id='word_1_139' title='bbox 729 2141 741 2181; x_wconf 76' lang='grc' dir='ltr'><strong><em>ε</em></strong></span> <span class='ocrx_word' id='word_1_140' title='bbox 789 2127 855 2181; x_wconf 93' lang='lat' dir='ltr'>et</span> <span class='ocrx_word' id='word_1_141' title='bbox 886 2137 1119 2200; x_wconf 89' lang='lat' dir='ltr'>pacem</span> <span class='ocrx_word' id='word_1_142' title='bbox 1151 2118 1253 2179; x_wconf 93' lang='lat' dir='ltr'>his</span> <span class='ocrx_word' id='word_1_143' title='bbox 1278 2117 1390 2199; x_wconf 91' lang='lat' dir='ltr'>qui</span> <span class='ocrx_word' id='word_1_144' title='bbox 1422 2138 1645 2200; x_wconf 84' lang='lat' dir='ltr'>prope.</span> <span class='ocrx_word' id='word_1_145' title='bbox 1740 2117 2033 2199; x_wconf 87' lang='lat' dir='ltr'>Ideoque</span> <span class='ocrx_word' id='word_1_146' title='bbox 2063 2117 2153 2179; x_wconf 90' lang='lat' dir='ltr'>illi</span> <span class='ocrx_word' id='word_1_147' title='bbox 2186 2118 2329 2199; x_wconf 89' lang='lat' dir='ltr'>ipso</span> <span class='ocrx_word' id='word_1_148' title='bbox 2352 2118 2460 2180; x_wconf 91' lang='lat' dir='ltr'>die</span> <span class='ocrx_word' id='word_1_149' title='bbox 2490 2117 2574 2180; x_wconf 93' lang='lat' dir='ltr'>de</span> <span class='ocrx_word' id='word_1_150' title='bbox 2605 2119 2917 2200; x_wconf 79' lang='lat' dir='ltr'>proximo</span> 
     </span>
     <span class='ocr_line' id='line_1_17' title="bbox 501 2204 2917 2287; baseline 0 -21"><span class='ocrx_word' id='word_1_151' title='bbox 501 2205 861 2282; x_wconf 79' lang='lat' dir='ltr'>venienteS,</span> <span class='ocrx_word' id='word_1_152' title='bbox 921 2206 1005 2268; x_wconf 90' lang='lat' dir='ltr'>de</span> <span class='ocrx_word' id='word_1_153' title='bbox 1067 2205 1432 2287; x_wconf 89' lang='lat' dir='ltr'>longinquo</span> <span class='ocrx_word' id='word_1_154' title='bbox 1492 2205 1597 2267; x_wconf 91' lang='lat' dir='ltr'>isti</span> <span class='ocrx_word' id='word_1_155' title='bbox 1661 2204 1860 2266; x_wconf 93' lang='lat' dir='ltr'>hodie</span> <span class='ocrx_word' id='word_1_156' title='bbox 1950 2205 2453 2287; x_wconf 90' lang='lat' dir='ltr'>peruenientes:</span> <span class='ocrx_word' id='word_1_157' title='bbox 2544 2204 2713 2267; x_wconf 93' lang='lat' dir='ltr'>duos</span> <span class='ocrx_word' id='word_1_158' title='bbox 2773 2205 2917 2268; x_wconf 91' lang='lat' dir='ltr'>dies</span> 
     </span>
     <span class='ocr_line' id='line_1_18' title="bbox 501 2290 2913 2375; baseline 0 -21"><span class='ocrx_word' id='word_1_159' title='bbox 501 2290 934 2354; x_wconf 91' lang='lat' dir='ltr'>celebrandos</span> <span class='ocrx_word' id='word_1_160' title='bbox 997 2293 1274 2374; x_wconf 85' lang='lat' dir='ltr'>posteris</span> <span class='ocrx_word' id='word_1_161' title='bbox 1334 2292 1782 2375; x_wconf 88' lang='lat' dir='ltr'>signauerunt,</span> <span class='ocrx_word' id='word_1_162' title='bbox 1844 2312 2043 2353; x_wconf 89' lang='lat' dir='ltr'>vnam</span> <span class='ocrx_word' id='word_1_163' title='bbox 2109 2301 2331 2353; x_wconf 89' lang='lat' dir='ltr'>tamen</span> <span class='ocrx_word' id='word_1_164' title='bbox 2396 2291 2607 2354; x_wconf 92' lang='lat' dir='ltr'>lucem</span> <span class='ocrx_word' id='word_1_165' title='bbox 2683 2291 2913 2355; x_wconf 90' lang='lat' dir='ltr'>mundi</span> 
     </span>
     <span class='ocr_line' id='line_1_19' title="bbox 498 2378 2913 2461; baseline 0 -20"><span class='ocrx_word' id='word_1_166' title='bbox 498 2378 757 2461; x_wconf 89' lang='lat' dir='ltr'>vtrique</span> <span class='ocrx_word' id='word_1_167' title='bbox 810 2380 1133 2442; x_wconf 87' lang='lat' dir='ltr'>viderunt.</span> <span class='ocrx_word' id='word_1_168' title='bbox 1225 2378 1359 2442; x_wconf 86' lang='lat' dir='ltr'>Sed</span> <span class='ocrx_word' id='word_1_169' title='bbox 1415 2379 1612 2441; x_wconf 91' lang='lat' dir='ltr'>hodie</span> <span class='ocrx_word' id='word_1_170' title='bbox 1667 2380 1750 2441; x_wconf 93' lang='lat' dir='ltr'>de</span> <span class='ocrx_word' id='word_1_171' title='bbox 1784 2378 1923 2441; x_wconf 89' lang='lat' dir='ltr'>istis</span> <span class='ocrx_word' id='word_1_172' title='bbox 1976 2378 2386 2460; x_wconf 88' lang='lat' dir='ltr'>loquendum</span> <span class='ocrx_word' id='word_1_173' title='bbox 2420 2390 2560 2442; x_wconf 88' lang='lat' dir='ltr'>est:</span> <span class='ocrx_word' id='word_1_174' title='bbox 2607 2399 2776 2461; x_wconf 91' lang='lat' dir='ltr'>quos</span> <span class='ocrx_word' id='word_1_175' title='bbox 2829 2381 2913 2442; x_wconf 95' lang='lat' dir='ltr'>de</span> 
     </span>
     <span class='ocr_line' id='line_1_20' title="bbox 499 2465 2230 2549; baseline 0.001 -21"><span class='ocrx_word' id='word_1_176' title='bbox 499 2466 770 2529; x_wconf 89' lang='lat' dir='ltr'>remotis</span> <span class='ocrx_word' id='word_1_177' title='bbox 803 2475 972 2530; x_wconf 88' lang='lat' dir='ltr'>terre</span> <span class='ocrx_word' id='word_1_178' title='bbox 1003 2467 1301 2549; x_wconf 90' lang='lat' dir='ltr'>partibus</span> <span class='ocrx_word' id='word_1_179' title='bbox 1335 2465 1496 2529; x_wconf 88' lang='lat' dir='ltr'>fides</span> <span class='ocrx_word' id='word_1_180' title='bbox 1528 2466 1725 2529; x_wconf 82' lang='lat' dir='ltr'>duxit</span> <span class='ocrx_word' id='word_1_181' title='bbox 1755 2467 1840 2528; x_wconf 90' lang='lat' dir='ltr'>ad</span> <span class='ocrx_word' id='word_1_182' title='bbox 1876 2465 2230 2530; x_wconf 84' lang='lat' dir='ltr'>Christum.</span> 
     </span>
    </p>
   </div>
   <div class='ocr_carea' id='block_1_4' title="bbox 1071 2719 2348 2802">
    <p class='ocr_par' dir='ltr' id='par_1_4' title="bbox 1071 2719 2348 2802">
     <span class='ocr_line' id='line_1_21' title="bbox 1071 2719 2348 2802; baseline -0.002 -16"><span class='ocrx_word' id='word_1_183' title='bbox 1071 2729 1137 2798; x_wconf 72' lang='lat' dir='ltr'>(I</span> <span class='ocrx_word' id='word_1_184' title='bbox 1182 2724 1314 2786; x_wconf 83' lang='lat' dir='ltr'>Die</span> <span class='ocrx_word' id='word_1_185' title='bbox 1343 2772 1356 2784; x_wconf 91' lang='lat'>.</span> <span class='ocrx_word' id='word_1_186' title='bbox 1370 2739 1462 2786; x_wconf 89' lang='lat'>10.</span> <span class='ocrx_word' id='word_1_187' title='bbox 1552 2722 1657 2784; x_wconf 83' lang='lat' dir='ltr'>De</span> <span class='ocrx_word' id='word_1_188' title='bbox 1685 2732 1907 2784; x_wconf 82' lang='lat' dir='ltr'>octaua</span> <span class='ocrx_word' id='word_1_189' title='bbox 1937 2719 2348 2802; x_wconf 60' lang='lat' dir='ltr'>Epzplmm’ess</span> 
     </span>
    </p>
   </div>
   <div class='ocr_carea' id='block_1_5' title="bbox 986 2834 2445 2914">
    <p class='ocr_par' dir='ltr' id='par_1_5' title="bbox 986 2834 2445 2914">
     <span class='ocr_line' id='line_1_22' title="bbox 986 2834 2445 2914; baseline -0.002 -15"><span class='ocrx_word' id='word_1_190' title='bbox 986 2835 1199 2899; x_wconf 86' lang='lat' dir='ltr'>Lectio</span> <span class='ocrx_word' id='word_1_191' title='bbox 1235 2835 1444 2899; x_wconf 78' lang='lat' dir='ltr'>tertia.</span> <span class='ocrx_word' id='word_1_192' title='bbox 1531 2855 1739 2897; x_wconf 84' lang='lat' dir='ltr'>sermo</span> <span class='ocrx_word' id='word_1_193' title='bbox 1767 2834 1979 2896; x_wconf 86' lang='lat' dir='ltr'>sancti</span> <span class='ocrx_word' id='word_1_194' title='bbox 2013 2834 2248 2896; x_wconf 84' lang='lat' dir='ltr'>Leonis</span> <span class='ocrx_word' id='word_1_195' title='bbox 2262 2842 2445 2914; x_wconf 81' lang='lat' dir='ltr'>pape.</span> 
     </span>
    </p>
   </div>
   <div class='ocr_carea' id='block_1_6' title="bbox 442 2962 2914 4265">
    <p class='ocr_par' dir='ltr' id='par_1_6' title="bbox 442 2962 2914 4265">
     <span class='ocr_line' id='line_1_23' title="bbox 629 2962 2911 3047; baseline -0 -22"><span class='ocrx_word' id='word_1_196' title='bbox 629 2963 998 3027; x_wconf 77' lang='lat' dir='ltr'>Elebratio⁴</span> <span class='ocrx_word' id='word_1_197' title='bbox 1045 2965 1357 3047; x_wconf 88' lang='lat' dir='ltr'>proximo</span> <span class='ocrx_word' id='word_1_198' title='bbox 1401 2963 1510 3027; x_wconf 90' lang='lat' dir='ltr'>die</span> <span class='ocrx_word' id='word_1_199' title='bbox 1580 2983 1716 3045; x_wconf 92' lang='lat' dir='ltr'>quo</span> <span class='ocrx_word' id='word_1_200' title='bbox 1777 2963 2170 3026; x_wconf 90' lang='lat' dir='ltr'>intemerata</span> <span class='ocrx_word' id='word_1_201' title='bbox 2231 2963 2576 3043; x_wconf 90' lang='lat' dir='ltr'>virginitas</span> <span class='ocrx_word' id='word_1_202' title='bbox 2637 2962 2911 3026; x_wconf 90' lang='lat' dir='ltr'>humani</span> 
     </span>
     <span class='ocr_line' id='line_1_24' title="bbox 654 3049 2909 3133; baseline -0 -19"><span class='ocrx_word' id='word_1_203' title='bbox 654 3051 913 3133; x_wconf 91' lang='lat' dir='ltr'>generis</span> <span class='ocrx_word' id='word_1_204' title='bbox 986 3052 1195 3114; x_wconf 90' lang='lat' dir='ltr'>edidit</span> <span class='ocrx_word' id='word_1_205' title='bbox 1284 3050 1684 3113; x_wconf 89' lang='lat' dir='ltr'>saluatorem</span> <span class='ocrx_word' id='word_1_206' title='bbox 1775 3051 2129 3133; x_wconf 86' lang='lat' dir='ltr'>epiphanie</span> <span class='ocrx_word' id='word_1_207' title='bbox 2218 3050 2409 3112; x_wconf 88' lang='lat' dir='ltr'>nobis</span> <span class='ocrx_word' id='word_1_208' title='bbox 2498 3049 2909 3113; x_wconf 88' lang='lat' dir='ltr'>dilectissimi</span> 
     </span>
     <span class='ocr_line' id='line_1_25' title="bbox 495 3137 2911 3220; baseline 0 -21"><span class='ocrx_word' id='word_1_209' title='bbox 495 3138 872 3201; x_wconf 90' lang='lat' dir='ltr'>veneranda</span> <span class='ocrx_word' id='word_1_210' title='bbox 933 3138 1256 3201; x_wconf 88' lang='lat' dir='ltr'>festiuitas</span> <span class='ocrx_word' id='word_1_211' title='bbox 1319 3138 1435 3201; x_wconf 90' lang='lat' dir='ltr'>dat</span> <span class='ocrx_word' id='word_1_212' title='bbox 1498 3138 2056 3220; x_wconf 89' lang='lat' dir='ltr'>perseuerantiam</span> <span class='ocrx_word' id='word_1_213' title='bbox 2120 3137 2512 3218; x_wconf 85' lang='lat' dir='ltr'>gaudiorum</span> <span class='ocrx_word' id='word_1_214' title='bbox 2542 3160 2555 3198; x_wconf 93' lang='lat'>:</span> <span class='ocrx_word' id='word_1_215' title='bbox 2610 3148 2681 3200; x_wconf 80' lang='lat' dir='ltr'>vt</span> <span class='ocrx_word' id='word_1_216' title='bbox 2743 3138 2911 3201; x_wconf 89' lang='lat' dir='ltr'>inter</span> 
     </span>
     <span class='ocr_line' id='line_1_26' title="bbox 495 3223 2914 3308; baseline 0 -21"><span class='ocrx_word' id='word_1_217' title='bbox 495 3237 930 3308; x_wconf 88' lang='lat' dir='ltr'>cognatarum</span> <span class='ocrx_word' id='word_1_218' title='bbox 979 3225 1455 3288; x_wconf 89' lang='lat' dir='ltr'>solennitatum</span> <span class='ocrx_word' id='word_1_219' title='bbox 1489 3226 1703 3288; x_wconf 90' lang='lat' dir='ltr'>vicina</span> <span class='ocrx_word' id='word_1_220' title='bbox 1736 3233 2194 3287; x_wconf 88' lang='lat' dir='ltr'>sacramenta:</span> <span class='ocrx_word' id='word_1_221' title='bbox 2240 3223 2681 3287; x_wconf 85' lang='lat' dir='ltr'>exultatione⁵</span> <span class='ocrx_word' id='word_1_222' title='bbox 2730 3225 2914 3306; x_wconf 89' lang='lat' dir='ltr'>vigor</span> 
     </span>
     <span class='ocr_line' id='line_1_27' title="bbox 495 3311 2911 3394; baseline 0 -20"><span class='ocrx_word' id='word_1_223' title='bbox 495 3321 563 3375; x_wconf 91' lang='lat' dir='ltr'>et</span> <span class='ocrx_word' id='word_1_224' title='bbox 594 3311 810 3375; x_wconf 86' lang='lat' dir='ltr'>feruor</span> <span class='ocrx_word' id='word_1_225' title='bbox 843 3311 996 3374; x_wconf 89' lang='lat' dir='ltr'>fidei</span> <span class='ocrx_word' id='word_1_226' title='bbox 1029 3333 1157 3375; x_wconf 85' lang='lat' dir='ltr'>non</span> <span class='ocrx_word' id='word_1_227' title='bbox 1195 3321 1508 3394; x_wconf 89' lang='lat' dir='ltr'>tepescat.</span> <span class='ocrx_word' id='word_1_228' title='bbox 1602 3313 1715 3375; x_wconf 91' lang='lat' dir='ltr'>Ad</span> <span class='ocrx_word' id='word_1_229' title='bbox 1738 3313 2035 3374; x_wconf 91' lang='lat' dir='ltr'>omnium</span> <span class='ocrx_word' id='word_1_230' title='bbox 2070 3312 2247 3373; x_wconf 92' lang='lat' dir='ltr'>enim</span> <span class='ocrx_word' id='word_1_231' title='bbox 2273 3311 2618 3373; x_wconf 91' lang='lat' dir='ltr'>hominum</span> <span class='ocrx_word' id='word_1_232' title='bbox 2653 3319 2911 3394; x_wconf 89' lang='lat' dir='ltr'>spectat</span> 
     </span>
     <span class='ocr_line' id='line_1_28' title="bbox 496 3398 2906 3481; baseline 0 -21"><span class='ocrx_word' id='word_1_233' title='bbox 496 3398 819 3462; x_wconf 91' lang='lat' dir='ltr'>salutem:</span> <span class='ocrx_word' id='word_1_234' title='bbox 868 3399 1046 3481; x_wconf 85' lang='lat' dir='ltr'>quod</span> <span class='ocrx_word' id='word_1_235' title='bbox 1081 3399 1358 3462; x_wconf 89' lang='lat' dir='ltr'>infantia</span> <span class='ocrx_word' id='word_1_236' title='bbox 1390 3399 1741 3463; x_wconf 86' lang='lat' dir='ltr'>saluatoris</span> <span class='ocrx_word' id='word_1_237' title='bbox 1774 3419 1851 3461; x_wconf 90' lang='lat' dir='ltr'>ac</span> <span class='ocrx_word' id='word_1_238' title='bbox 1886 3398 2269 3461; x_wconf 86' lang='lat' dir='ltr'>mediatoris</span> <span class='ocrx_word' id='word_1_239' title='bbox 2305 3398 2428 3460; x_wconf 90' lang='lat' dir='ltr'>Dei</span> <span class='ocrx_word' id='word_1_240' title='bbox 2464 3408 2530 3460; x_wconf 90' lang='lat' dir='ltr'>et</span> <span class='ocrx_word' id='word_1_241' title='bbox 2562 3398 2906 3461; x_wconf 90' lang='lat' dir='ltr'>hominum</span> 
     </span>
     <span class='ocr_line' id='line_1_29' title="bbox 496 3485 2914 3565; baseline 0 -18"><span class='ocrx_word' id='word_1_242' title='bbox 496 3487 625 3548; x_wconf 90' lang='lat' dir='ltr'>iam</span> <span class='ocrx_word' id='word_1_243' title='bbox 663 3487 965 3549; x_wconf 87' lang='lat' dir='ltr'>vniuerso</span> <span class='ocrx_word' id='word_1_244' title='bbox 997 3486 1458 3549; x_wconf 89' lang='lat' dir='ltr'>declarabatur</span> <span class='ocrx_word' id='word_1_245' title='bbox 1490 3486 1742 3550; x_wconf 91' lang='lat' dir='ltr'>mundo</span> <span class='ocrx_word' id='word_1_246' title='bbox 1783 3505 1933 3548; x_wconf 92' lang='lat' dir='ltr'>cum</span> <span class='ocrx_word' id='word_1_247' title='bbox 1967 3485 2185 3548; x_wconf 92' lang='lat' dir='ltr'>adhuc</span> <span class='ocrx_word' id='word_1_248' title='bbox 2230 3486 2478 3565; x_wconf 88' lang='lat' dir='ltr'>exiguo</span> <span class='ocrx_word' id='word_1_249' title='bbox 2508 3486 2914 3548; x_wconf 83' lang='lat' dir='ltr'>detineretur</span> 
     </span>
     <span class='ocr_line' id='line_1_30' title="bbox 491 3571 2907 3656; baseline -0 -21"><span class='ocrx_word' id='word_1_250' title='bbox 491 3573 826 3656; x_wconf 77' lang='lat' dir='ltr'>oppidulo,</span> <span class='ocrx_word' id='word_1_251' title='bbox 921 3572 1248 3656; x_wconf 82' lang='lat' dir='ltr'>Quamuis</span> <span class='ocrx_word' id='word_1_252' title='bbox 1296 3576 1471 3636; x_wconf 90' lang='lat' dir='ltr'>enim</span> <span class='ocrx_word' id='word_1_253' title='bbox 1528 3571 1955 3636; x_wconf 90' lang='lat' dir='ltr'>Israeliticam</span> <span class='ocrx_word' id='word_1_254' title='bbox 2005 3583 2272 3653; x_wconf 87' lang='lat' dir='ltr'>gentem</span> <span class='ocrx_word' id='word_1_255' title='bbox 2325 3582 2391 3633; x_wconf 90' lang='lat' dir='ltr'>et</span> <span class='ocrx_word' id='word_1_256' title='bbox 2437 3572 2643 3655; x_wconf 91' lang='lat' dir='ltr'>ipsius</span> <span class='ocrx_word' id='word_1_257' title='bbox 2689 3574 2907 3654; x_wconf 89' lang='lat' dir='ltr'>gentis</span> 
     </span>
     <span class='ocr_line' id='line_1_31' title="bbox 442 3659 2910 3743; baseline -0.001 -18"><span class='ocrx_word' id='word_1_258' title='bbox 442 3723 445 3726; x_wconf 80' lang='grc'>,</span> <span class='ocrx_word' id='word_1_259' title='bbox 493 3680 693 3722; x_wconf 90' lang='lat' dir='ltr'>vnam</span> <span class='ocrx_word' id='word_1_260' title='bbox 718 3660 1037 3723; x_wconf 88' lang='lat' dir='ltr'>familiam</span> <span class='ocrx_word' id='word_1_261' title='bbox 1063 3660 1420 3743; x_wconf 84' lang='lat' dir='ltr'>delegisset</span> <span class='ocrx_word' id='word_1_262' title='bbox 1442 3661 1526 3724; x_wconf 92' lang='lat' dir='ltr'>de</span> <span class='ocrx_word' id='word_1_263' title='bbox 1558 3681 1692 3743; x_wconf 89' lang='lat' dir='ltr'>qua</span> <span class='ocrx_word' id='word_1_264' title='bbox 1713 3669 2016 3722; x_wconf 88' lang='lat' dir='ltr'>naturam</span> <span class='ocrx_word' id='word_1_265' title='bbox 2051 3659 2484 3723; x_wconf 88' lang='lat' dir='ltr'>humanitatis</span> <span class='ocrx_word' id='word_1_266' title='bbox 2505 3669 2910 3723; x_wconf 88' lang='lat' dir='ltr'>assumeret:</span> 
     </span>
     <span class='ocr_line' id='line_1_32' title="bbox 494 3746 2908 3827; baseline 0 -18"><span class='ocrx_word' id='word_1_267' title='bbox 494 3746 708 3810; x_wconf 90' lang='lat' dir='ltr'>noluit</span> <span class='ocrx_word' id='word_1_268' title='bbox 740 3756 966 3810; x_wconf 88' lang='lat' dir='ltr'>tamen</span> <span class='ocrx_word' id='word_1_269' title='bbox 999 3749 1171 3810; x_wconf 89' lang='lat' dir='ltr'>intra</span> <span class='ocrx_word' id='word_1_270' title='bbox 1198 3758 1495 3811; x_wconf 89' lang='lat' dir='ltr'>materne</span> <span class='ocrx_word' id='word_1_271' title='bbox 1528 3748 1958 3810; x_wconf 85' lang='lat' dir='ltr'>habitationis</span> <span class='ocrx_word' id='word_1_272' title='bbox 1981 3747 2324 3827; x_wconf 81' lang='lat' dir='ltr'>angustias</span> <span class='ocrx_word' id='word_1_273' title='bbox 2356 3755 2539 3809; x_wconf 86' lang='lat' dir='ltr'>ortus</span> <span class='ocrx_word' id='word_1_274' title='bbox 2570 3747 2671 3808; x_wconf 92' lang='lat' dir='ltr'>sui</span> <span class='ocrx_word' id='word_1_275' title='bbox 2705 3746 2908 3809; x_wconf 90' lang='lat' dir='ltr'>latere</span> 
     </span>
     <span class='ocr_line' id='line_1_33' title="bbox 494 3833 2911 3915; baseline -0 -19"><span class='ocrx_word' id='word_1_276' title='bbox 494 3834 896 3915; x_wconf 89' lang='lat' dir='ltr'>primordia:</span> <span class='ocrx_word' id='word_1_277' title='bbox 989 3833 1124 3898; x_wconf 88' lang='lat' dir='ltr'>Sed</span> <span class='ocrx_word' id='word_1_278' title='bbox 1173 3856 1335 3897; x_wconf 82' lang='lat' dir='ltr'>mox</span> <span class='ocrx_word' id='word_1_279' title='bbox 1367 3835 1454 3898; x_wconf 89' lang='lat' dir='ltr'>ab</span> <span class='ocrx_word' id='word_1_280' title='bbox 1484 3835 1794 3898; x_wconf 89' lang='lat' dir='ltr'>omnibus</span> <span class='ocrx_word' id='word_1_281' title='bbox 1837 3833 2046 3896; x_wconf 90' lang='lat' dir='ltr'>voluit</span> <span class='ocrx_word' id='word_1_282' title='bbox 2079 3833 2388 3915; x_wconf 87' lang='lat' dir='ltr'>agnosci:</span> <span class='ocrx_word' id='word_1_283' title='bbox 2435 3834 2547 3914; x_wconf 90' lang='lat' dir='ltr'>qui</span> <span class='ocrx_word' id='word_1_284' title='bbox 2595 3834 2911 3915; x_wconf 85' lang='lat' dir='ltr'>dignatus</span> 
     </span>
     <span class='ocr_line' id='line_1_34' title="bbox 490 3920 2906 4004; baseline 0 -21"><span class='ocrx_word' id='word_1_285' title='bbox 490 3931 595 3983; x_wconf 87' lang='lat' dir='ltr'>est</span> <span class='ocrx_word' id='word_1_286' title='bbox 627 3942 745 4004; x_wconf 92' lang='lat' dir='ltr'>pro</span> <span class='ocrx_word' id='word_1_287' title='bbox 776 3921 1085 3984; x_wconf 90' lang='lat' dir='ltr'>omnibus</span> <span class='ocrx_word' id='word_1_288' title='bbox 1119 3923 1316 3985; x_wconf 90' lang='lat' dir='ltr'>nasci.</span> <span class='ocrx_word' id='word_1_289' title='bbox 1408 3922 1651 3985; x_wconf 86' lang='lat' dir='ltr'>Tribus</span> <span class='ocrx_word' id='word_1_290' title='bbox 1695 3922 1894 4003; x_wconf 89' lang='lat' dir='ltr'>igitur</span> <span class='ocrx_word' id='word_1_291' title='bbox 1928 3921 2149 4002; x_wconf 89' lang='lat' dir='ltr'>Magis</span> <span class='ocrx_word' id='word_1_292' title='bbox 2182 3921 2245 3982; x_wconf 90' lang='lat' dir='ltr'>in</span> <span class='ocrx_word' id='word_1_293' title='bbox 2297 3920 2564 4002; x_wconf 91' lang='lat' dir='ltr'>regione</span> <span class='ocrx_word' id='word_1_294' title='bbox 2594 3921 2906 3984; x_wconf 89' lang='lat' dir='ltr'>orientis:</span> 
     </span>
     <span class='ocr_line' id='line_1_35' title="bbox 491 4006 2909 4093; baseline -0 -22"><span class='ocrx_word' id='word_1_295' title='bbox 491 4007 684 4071; x_wconf 89' lang='lat' dir='ltr'>stella</span> <span class='ocrx_word' id='word_1_296' title='bbox 731 4028 904 4071; x_wconf 89' lang='lat' dir='ltr'>noue</span> <span class='ocrx_word' id='word_1_297' title='bbox 934 4009 1248 4072; x_wconf 88' lang='lat' dir='ltr'>claritatis</span> <span class='ocrx_word' id='word_1_298' title='bbox 1296 4010 1601 4093; x_wconf 89' lang='lat' dir='ltr'>apparuit</span> <span class='ocrx_word' id='word_1_299' title='bbox 1632 4028 1762 4090; x_wconf 90' lang='lat' dir='ltr'>que</span> <span class='ocrx_word' id='word_1_300' title='bbox 1810 4007 2120 4071; x_wconf 89' lang='lat' dir='ltr'>illustrior</span> <span class='ocrx_word' id='word_1_301' title='bbox 2163 4009 2398 4071; x_wconf 89' lang='lat' dir='ltr'>ceteris</span> <span class='ocrx_word' id='word_1_302' title='bbox 2444 4006 2909 4090; x_wconf 89' lang='lat' dir='ltr'>pulchriorque</span> 
     </span>
     <span class='ocr_line' id='line_1_36' title="bbox 489 4092 2904 4176; baseline 0.001 -20"><span class='ocrx_word' id='word_1_303' title='bbox 489 4095 878 4176; x_wconf 87' lang='lat' dir='ltr'>syderibus:</span> <span class='ocrx_word' id='word_1_304' title='bbox 926 4096 1116 4159; x_wconf 91' lang='lat' dir='ltr'>facile</span> <span class='ocrx_word' id='word_1_305' title='bbox 1163 4097 1227 4158; x_wconf 89' lang='lat' dir='ltr'>in</span> <span class='ocrx_word' id='word_1_306' title='bbox 1262 4118 1333 4159; x_wconf 85' lang='lat' dir='ltr'>se</span> <span class='ocrx_word' id='word_1_307' title='bbox 1378 4097 1775 4159; x_wconf 87' lang='lat' dir='ltr'>intuentium</span> <span class='ocrx_word' id='word_1_308' title='bbox 1823 4095 2050 4158; x_wconf 93' lang='lat' dir='ltr'>oculos</span> <span class='ocrx_word' id='word_1_309' title='bbox 2095 4092 2510 4175; x_wconf 79' lang='lat' dir='ltr'>animosque⁶</span> <span class='ocrx_word' id='word_1_310' title='bbox 2554 4094 2904 4158; x_wconf 89' lang='lat' dir='ltr'>confestim</span> 
     </span>
     <span class='ocr_line' id='line_1_37' title="bbox 490 4181 2772 4265; baseline 0 -21"><span class='ocrx_word' id='word_1_311' title='bbox 490 4182 947 4246; x_wconf 88' lang='lat' dir='ltr'>aduerteretur</span> <span class='ocrx_word' id='word_1_312' title='bbox 975 4204 1108 4246; x_wconf 92' lang='lat' dir='ltr'>non</span> <span class='ocrx_word' id='word_1_313' title='bbox 1143 4203 1288 4246; x_wconf 90' lang='lat' dir='ltr'>esse</span> <span class='ocrx_word' id='word_1_314' title='bbox 1318 4184 1613 4246; x_wconf 88' lang='lat' dir='ltr'>ociosum</span> <span class='ocrx_word' id='word_1_315' title='bbox 1649 4184 1827 4265; x_wconf 91' lang='lat' dir='ltr'>quod</span> <span class='ocrx_word' id='word_1_316' title='bbox 1864 4193 2000 4245; x_wconf 91' lang='lat' dir='ltr'>tam</span> <span class='ocrx_word' id='word_1_317' title='bbox 2033 4183 2373 4245; x_wconf 86' lang='lat' dir='ltr'>insolitum</span> <span class='ocrx_word' id='word_1_318' title='bbox 2408 4181 2772 4245; x_wconf 86' lang='lat' dir='ltr'>videbatur.</span> 
     </span>
    </p>
   </div>
   <div class='ocr_carea' id='block_1_7' title="bbox 584 4458 2647 4658">
    <p class='ocr_par' dir='ltr' id='par_1_7' title="bbox 584 4458 2647 4658">
     <span class='ocr_line' id='line_1_38' title="bbox 587 4458 2051 4525; baseline 0.001 -16"><span class='ocrx_word' id='word_1_319' title='bbox 587 4458 605 4488; x_wconf 87' lang='lat'>¹</span> <span class='ocrx_word' id='word_1_320' title='bbox 639 4459 720 4509; x_wconf 90' lang='lat' dir='ltr'>die</span> <span class='ocrx_word' id='word_1_321' title='bbox 743 4473 789 4522; x_wconf 89' lang='lat'>9.</span> <span class='ocrx_word' id='word_1_322' title='bbox 821 4460 878 4508; x_wconf 83' lang='lat' dir='ltr'>in</span> <span class='ocrx_word' id='word_1_323' title='bbox 902 4477 966 4509; x_wconf 84' lang='lat' dir='ltr'>m.</span> <span class='ocrx_word' id='word_1_324' title='bbox 993 4475 1011 4510; x_wconf 91' lang='grc'>.·</span> <span class='ocrx_word' id='word_1_325' title='bbox 1042 4477 1135 4509; x_wconf 88' lang='lat' dir='ltr'>om.</span> <span class='ocrx_word' id='word_1_326' title='bbox 1167 4460 1243 4524; x_wconf 90' lang='lat'>38.</span> <span class='ocrx_word' id='word_1_327' title='bbox 1793 4458 1817 4491; x_wconf 72' lang='lat'><strong>2</strong></span> <span class='ocrx_word' id='word_1_328' title='bbox 1849 4461 1936 4511; x_wconf 88' lang='lat' dir='ltr'>in:</span> <span class='ocrx_word' id='word_1_329' title='bbox 1973 4461 2051 4525; x_wconf 85' lang='lat'>63.</span> 
     </span>
     <span class='ocr_line' id='line_1_39' title="bbox 585 4524 2377 4590; baseline 0.002 -16"><span class='ocrx_word' id='word_1_330' title='bbox 585 4524 606 4554; x_wconf 83' lang='lat'><strong>³</strong></span> <span class='ocrx_word' id='word_1_331' title='bbox 638 4525 720 4575; x_wconf 88' lang='lat' dir='ltr'>die</span> <span class='ocrx_word' id='word_1_332' title='bbox 749 4538 821 4574; x_wconf 87' lang='lat'>10.</span> <span class='ocrx_word' id='word_1_333' title='bbox 853 4527 910 4573; x_wconf 80' lang='lat' dir='ltr'>in</span> <span class='ocrx_word' id='word_1_334' title='bbox 934 4542 999 4574; x_wconf 83' lang='lat' dir='ltr'>m.</span> <span class='ocrx_word' id='word_1_335' title='bbox 1020 4541 1039 4574; x_wconf 88' lang='lat'>.·</span> <span class='ocrx_word' id='word_1_336' title='bbox 1071 4543 1163 4575; x_wconf 87' lang='lat' dir='ltr'>om.</span> <span class='ocrx_word' id='word_1_337' title='bbox 1194 4527 1271 4589; x_wconf 86' lang='lat'>38.</span> <span class='ocrx_word' id='word_1_338' title='bbox 1799 4526 1821 4556; x_wconf 85' lang='lat'><strong>⁴</strong></span> <span class='ocrx_word' id='word_1_339' title='bbox 1852 4528 2139 4577; x_wconf 82' lang='lat' dir='ltr'>celebrato:</span> <span class='ocrx_word' id='word_1_340' title='bbox 2178 4539 2255 4590; x_wconf 90' lang='lat'>39.</span> <span class='ocrx_word' id='word_1_341' title='bbox 2284 4536 2377 4577; x_wconf 83' lang='lat' dir='ltr'>etc.</span> 
     </span>
     <span class='ocr_line' id='line_1_40' title="bbox 584 4588 2647 4658; baseline 0.002 -19"><span class='ocrx_word' id='word_1_342' title='bbox 584 4588 605 4619; x_wconf 78' lang='lat'><strong>³</strong></span> <span class='ocrx_word' id='word_1_343' title='bbox 638 4591 984 4641; x_wconf 82' lang='lat' dir='ltr'>exultationis:</span> <span class='ocrx_word' id='word_1_344' title='bbox 1022 4604 1099 4654; x_wconf 89' lang='lat'>39.</span> <span class='ocrx_word' id='word_1_345' title='bbox 1129 4601 1222 4642; x_wconf 87' lang='lat' dir='ltr'>etc.</span> <span class='ocrx_word' id='word_1_346' title='bbox 1791 4589 1813 4622; x_wconf 80' lang='lat'>⁶</span> <span class='ocrx_word' id='word_1_347' title='bbox 1845 4600 2154 4643; x_wconf 85' lang='lat' dir='ltr'>conuerteret</span> <span class='ocrx_word' id='word_1_348' title='bbox 2177 4603 2266 4643; x_wconf 81' lang='lat' dir='ltr'>vt:</span> <span class='ocrx_word' id='word_1_349' title='bbox 2300 4594 2411 4643; x_wconf 83' lang='lat' dir='ltr'>add.</span> <span class='ocrx_word' id='word_1_350' title='bbox 2443 4606 2520 4658; x_wconf 88' lang='lat'>39.</span> <span class='ocrx_word' id='word_1_351' title='bbox 2553 4600 2647 4644; x_wconf 87' lang='lat' dir='ltr'>etc.</span> 
     </span>
    </p>
   </div>
   <div class='ocr_carea' id='block_1_8' title="bbox 319 4852 710 5125">
    <p class='ocr_par' dir='ltr' id='par_1_8' title="bbox 319 4852 710 5125">
     <span class='ocr_line' id='line_1_41' title="bbox 319 4852 710 5125; baseline -0.031 0"><span class='ocrx_word' id='word_1_352' title='bbox 319 4852 710 5125; x_wconf 54' lang='lat' dir='ltr'>X„</span> 
     </span>
    </p>
   </div>
  </div>
 </body>
</html>
