3293 5225
385 475 505 513 luN.
540 462 610 523 1.]
856 462 908 510 S.
962 459 1348 512 URBANUS:
1393 460 1445 509 S.
1486 460 1755 509 FELIX:
1800 461 1853 509 S.
1895 461 2350 512 PAMPHILUS.
2707 460 2802 524 285

908 670 976 741 (I
1018 663 1322 729 Urbanus
1336 662 1539 745 papa¹
1572 663 1866 744 martyr.²
1955 664 2168 728 Lectio
2198 665 2311 747 .iij.

403 770 832 902 URbanus
866 770 1078 850 patria
1124 768 1470 830 Romanus
1502 767 1782 829 Aurelio
1816 768 2167 830 Antonino
2198 770 2597 851 imperatore
2644 789 2807 851 pon-

579 857 905 921 tificatum
957 854 1259 936 adeptuS,
1309 854 1554 917 multos
1602 855 1976 917 sanctitatis
2024 855 2341 936 exemplo
2389 865 2456 919 et
2507 856 2808 919 doctrina

389 944 707 1026 singulari
741 943 826 1006 ad
862 942 1059 1005 fidem
1095 941 1410 1004 traduxit.
1504 941 1594 1003 Et
1633 943 1699 1003 in
1734 942 1835 1003 his
1868 941 2301 1006 Valerianum
2336 943 2530 1006 beate
2563 943 2808 1007 Cecilie

391 1052 731 1114 sponsum,
781 1040 849 1092 et
896 1029 1297 1110 Tyburtium
1346 1028 1644 1090 eiusdem
1696 1029 2033 1091 Valeriani
2083 1030 2369 1106 fratrem,
2414 1032 2527 1111 qui
2574 1040 2809 1112 postea

393 1121 784 1199 martyrium
831 1117 1162 1179 constanti
1209 1117 1436 1177 animo
1483 1115 1909 1197 pertulerunt.
2006 1117 2136 1179 Hic
2186 1118 2467 1199 probato
2514 1117 2808 1192 consili0‚

396 1207 751 1288 superioris
799 1204 1120 1284 temporis
1166 1204 1650 1284 episcoporum,
1696 1213 1763 1264 et
1790 1202 2084 1266 fidelium
2117 1204 2360 1285 quibus
2391 1204 2809 1268 commodius

392 1295 606 1356 visum
670 1302 828 1368 erat,
881 1300 953 1353 vt
1016 1291 1465 1372 possessiones
1526 1289 2043 1353 attribuerentur
2103 1290 2417 1372 ecclesijS,
2470 1312 2671 1373 quam
2734 1301 2807 1353 vt

392 1380 837 1442 venderentur
883 1375 1453 1457 quemadmodum
1505 1375 1707 1439 fiebat
1757 1378 1946 1440 initio
1997 1380 2327 1441 nascentis
2373 1379 2665 1454 ecclesie,
2715 1379 2808 1440 sic

395 1468 655 1549 scripsit
702 1465 787 1528 de
836 1464 1029 1527 bonis
1079 1465 1236 1545 ipsis
1284 1463 1743 1526 ecclesiasticis
1779 1484 2060 1545 quorum
2094 1466 2287 1528 decet
2317 1464 2810 1547 dispensatores

395 1574 538 1616 esse
562 1554 927 1635 episcopOS,
951 1561 1020 1614 et
1049 1550 1336 1614 clericos,
1430 1550 1583 1612 Non
1608 1571 1769 1631 ergo
1793 1550 2041 1615 debent
2065 1554 2296 1635 inquit,
2323 1555 2387 1615 in
2414 1552 2560 1633 alijs
2583 1554 2810 1616 vsibus

395 1660 596 1722 quam
652 1635 1139 1702 ecclesiasticis³
1194 1637 1638 1720 predictorum
1695 1638 2201 1702 christianorum
2257 1640 2531 1703 fratrum
2589 1639 2654 1703 id
2710 1649 2810 1702 est

395 1728 778 1790 clericorum
810 1725 913 1787 vel
963 1726 1408 1825 indigentium
1456 1726 1773 1801 conuerti,
1804 1727 1960 1806 quia
1999 1737 2154 1789 vota
2201 1736 2353 1789 sunt
2402 1726 2695 1790 fidelium
2743 1737 2810 1790 et

396 1816 617 1895 precia
651 1821 1090 1896 peccatorum,
1123 1833 1200 1875 ac
1234 1813 1635 1894 patrimonia
1668 1833 2053 1895 pauperum,
2085 1824 2287 1894 atque
2318 1813 2403 1877 ad
2438 1814 2806 1897 predictum

392 1922 566 2003 opus
609 1900 1019 1984 explendum
1063 1899 1338 1963 domino
1385 1899 1640 1962 tradite.
1736 1899 2027 1963 Demum
2076 1922 2226 1963 cum
2274 1901 2553 1965 sedisset
2599 1921 2813 1964 annos

393 1989 521 2089 .iiij..
558 2009 820 2051 menses
866 1987 1116 2061 decem,
1149 1986 1289 2049 dies
1322 1986 1454 2067 ,xij.
1490 1988 1807 2067 martyrio
1838 1998 2193 2051 coronatus
2232 1997 2351 2063 est,
2382 1999 2450 2051 et
2497 1990 2560 2051 in
2595 2009 2811 2051 ceme-

396 2077 562 2139 terio
596 2074 992 2138 Pretextati*
1020 2074 1127 2136 via
1160 2073 1534 2154 Tyburtina
1566 2073 1866 2156 sepultus
1898 2075 2046 2156 .viij.
2078 2075 2391 2138 calendas
2428 2075 2619 2156 Iunij.

1483 2210 1728 2275 Oratio,

414 2318 614 2447 DA
663 2336 1022 2399 quesumus
1053 2317 1481 2398 omnipotens
1527 2314 1691 2378 deus
1722 2324 1793 2378 vt
1839 2318 1951 2397 qui
1989 2316 2168 2380 beati
2202 2317 2457 2380 Vrbani
2504 2321 2814 2400 martyris

578 2407 674 2468 tui
705 2416 907 2485 atque
951 2402 1282 2485 pontificis
1314 2401 1612 2464 solennia
1658 2403 1940 2466 colimus
1984 2405 2127 2467 eius
2160 2406 2337 2486 apud
2385 2416 2453 2468 te
2497 2407 2810 2468 interces-

399 2491 695 2555 sionibus
725 2491 1152 2554 adiuuemur:
1186 2510 1320 2571 per.

983 2634 1051 2705 (Ι
1079 2629 1272 2691 Felix
1282 2638 1462 2709 papa
1494 2626 1787 2707 martyr.⁵
1876 2628 2091 2692 Lectio
2122 2630 2235 2708 .iij.

417 2734 694 2863 FElix
771 2732 985 2815 patria
1048 2733 1392 2795 Romanus
1454 2730 1822 2795 Aureliano
1897 2734 2295 2816 imperatore
2356 2734 2813 2816 pontificatum

562 2824 846 2902 adeptus
895 2830 1010 2884 est.
1107 2820 1237 2882 Hic
1287 2819 1589 2894 instituit,
1636 2829 1708 2882 vt
1757 2830 2123 2901 martyrum
2174 2822 2492 2884 memoria
2541 2822 2817 2904 singulis

402 2909 594 2972 annis
626 2906 961 2987 sacrificijs
992 2906 1446 2969 celebraretur.
1541 2905 1602 2967 N
1608 2925 1683 2968 ec
1716 2907 1840 2968 nisi
1874 2907 1939 2968 in
1976 2907 2123 2969 loco
2167 2928 2355 2970 sacro
2387 2910 2588 2971 missa
2632 2929 2815 2990 pera-

401 3004 683 3078 geretur,
706 3006 1129 3076 preterquam
1161 3003 1443 3074 cogente
1476 2995 1884 3057 necessitate.
1976 2994 2467 3076 Templumque
2513 2997 2716 3071 iussit,
2761 2998 2815 3059 si

401 3081 486 3144 de
516 3082 1011 3144 consecratione
1043 3082 1247 3163 ipsius
1278 3079 1708 3155 dubitaretur,
1731 3080 1953 3143 denuo
1984 3083 2368 3156 consecrari,
2393 3102 2606 3163 neque
2637 3084 2814 3146 enim

402 3170 711 3233 iteratum
766 3168 970 3231 videri
1026 3167 1266 3230 debere
1319 3165 1661 3243 dictabat,⁶
1709 3167 1887 3249 quod
1944 3167 2192 3230 factum
2246 3188 2390 3231 esse
2444 3170 2817 3234 nesciretur.

409 3257 754 3319 Postremo
813 3275 964 3317 cum
1028 3275 1256 3317 mense
1319 3253 1673 3317 Decembri
1737 3254 2160 3335 presbyteros
2211 3256 2320 3319 .ix.
2373 3257 2690 3319 diaconos
2742 3278 2818 3321 .v.

406 3344 754 3425 episcopos
801 3364 873 3404 .v.
921 3352 1221 3416 creasset,
1269 3343 1589 3422 martyrio
1634 3351 1989 3405 coronatus
2033 3343 2140 3404 via
2188 3342 2462 3406 Aurelia
2506 3343 2820 3427 sepelitur

409 3429 511 3511 .iij.
562 3430 874 3494 calendas
929 3428 1099 3510 Iunij
1148 3429 1212 3491 in
1264 3427 1537 3491 basilica
1584 3449 1786 3510 quam
1839 3430 1978 3512 ipse
2027 3429 2431 3505 condiderat,
2470 3440 2672 3513 atque
2721 3432 2818 3495 di-

407 3526 691 3580 cauerat.
788 3514 981 3580 Sedit
1012 3524 1235 3578 autem
1271 3536 1483 3577 annos
1513 3515 1641 3597 .iiij.
1678 3536 1939 3578 menses
1971 3515 2077 3597 .iij.
2110 3516 2252 3579 dies
2284 3538 2412 3582 .xv.

1437 3780 1792 3846 IVNIVS.

759 3927 827 3998 (Ι
862 3920 1256 4003 Pamphilus
1276 3920 1613 4003 presbyter
1641 3929 1914 3999 martyr.
1923 3921 1944 3955 ⁷
2020 3918 2234 3982 Lectzo
2265 3919 2476 3984 tertia.

430 4024 924 4156 PAmphilus⁸
972 4025 1314 4108 presbyter
1342 4022 1747 4088 Cesariensis
1779 4032 1969 4086 tanto
1999 4021 2377 4085 diuinorum
2411 4022 2825 4086 voluminum

580 4133 806 4175 amore
869 4111 1174 4194 flagrauit
1241 4120 1314 4173 vt
1384 4111 1880 4173 celeberrimam
1973 4109 2442 4173 bibliothecam
2533 4108 2827 4191 vndique

415 4220 679 4263 summo
727 4198 950 4262 studio
999 4198 1386 4280 conquisitis
1441 4197 1623 4261 libris
1674 4197 1952 4263 Cesaree
1998 4198 2459 4274 construxerit,
2486 4198 2829 4278 magnam⁹

511 4334 647 4385 let.
684 4335 794 4384 add.
827 4333 904 4398 38.
1302 4331 1541 4397 ²die25.
1572 4334 1720 4383 inm.
2162 4331 2301 4383 ³et:
2336 4334 2447 4382 add.
2479 4345 2555 4396 39.
2586 4342 2681 4383 etc.

511 4398 532 4430 ⁴
567 4400 849 4450 Pretexati·
887 4412 965 4463 39.
995 4413 1072 4460 41.
1721 4396 1743 4428 ⁶
1773 4398 1854 4449 die
1879 4412 1957 4448 20.
1987 4400 2046 4447 in
2069 4415 2134 4447 m.
2174 4400 2254 4448 die
2275 4400 2566 4464 tngesitma
2600 4397 2678 4462 38.
2708 4407 2801 4448 etc.

507 4462 530 4494 ⁶
561 4466 857 4516 dictitabat.
894 4465 971 4527 38.
1716 4461 1737 4494 ⁷
1772 4464 1885 4513 Die.
1919 4477 1959 4513 1.
1989 4480 2047 4512 m
2071 4481 2136 4513 m.

510 4528 531 4560 ⁸
566 4531 909 4596 Pamphilius·
945 4529 1024 4579 66.
1721 4525 2142 4594 ⁹:magnamque
2180 4541 2257 4592 39.
2287 4538 2379 4579 etc.
