3293 5225
245 448 381 497 APR.
411 447 519 508 22]
963 445 1019 495 S.
1057 443 1533 495 APOLLONIUS
1547 458 1566 492 :
1599 444 1655 494 S.
1700 444 1935 495 CAIUS.
2561 454 2656 507 275

253 599 474 683 Quam
508 600 872 663 demiratus
920 599 1267 662 Maximus
1318 598 1419 661 vir
1467 597 1724 673 nobilis,
1777 598 1889 678 qui
1941 596 2175 660 horum
2232 595 2655 660 decollationi

252 688 512 769 prefuit,
542 708 693 750 cum
730 686 1065 750 nonnullis
1098 685 1456 749 satellitum
1491 704 1851 747 conuersus
1881 694 2000 761 est,
2032 694 2098 746 et
2121 694 2391 767 propter
2411 682 2657 747 Christi

250 774 738 837 confessionem
800 794 1035 837 omnes
1096 793 1305 854 vsque
1364 773 1448 834 ad
1512 769 1772 834 decem¹
1833 771 2193 853 plumbatis
2246 772 2397 846 cesi,
2445 789 2659 851 eoque

251 861 553 944 supplicij
590 880 833 945 genere
865 861 1186 941 martyrio
1210 858 1506 923 coronati
1540 868 1713 935 sunt,
1745 867 1813 922 et
1842 857 1929 922 ad
1962 858 2307 922 dominum
2367 856 2659 921 inuictis-

251 949 399 1011 simi
432 946 999 1031 commigrarunt.2

1341 1083 1583 1147 Oratio.

268 1197 584 1327 PResta
608 1218 968 1279 quesumus
990 1197 1420 1278 omnipotens
1443 1196 1625 1272 deuS‚
1646 1206 1720 1259 vt
1744 1195 1855 1278 qui
1870 1204 2260 1264 ,sanctorum
2287 1205 2658 1276 martyrum

418 1295 683 1348 tuorum
749 1284 1080 1366 Tyburtij‚
1139 1282 1498 1354 Valeriani,
1549 1293 1616 1346 et
1668 1283 1958 1346 Maximi
2006 1281 2334 1345 solennia³
2379 1282 2665 1346 colimus

254 1393 482 1435 eorum
517 1373 718 1435 etiam
755 1373 1031 1435 virtutes
1062 1373 1442 1435 imitemur:
1490 1390 1621 1453 per.

585 1540 653 1611 (Ι
696 1535 757 1597 A
753 1534 1136 1616 ppollim’us*
1168 1533 1452 1597 Senator
1477 1533 1772 1614 martyr.⁵
1860 1533 2073 1596 Lectio
2104 1535 2314 1598 tertia.

408 1647 748 1710 Pollinius⁴
814 1647 1119 1711 Romane
1178 1647 1355 1709 vrbis
1417 1656 1684 1708 senator
1743 1667 1874 1708 non
1932 1645 2146 1709 solum
2210 1647 2466 1729 opibuS,
2544 1648 2661 1712 sed

449 1734 827 1798 liberalibus
857 1736 1058 1797 etiam
1093 1733 1474 1816 disciplinis
1509 1753 1585 1795 ac
1619 1753 1879 1796 morum
1922 1734 2304 1814 integritate
2325 1734 2554 1812 clarus,
2575 1735 2660 1799 ad

261 1822 595 1886 Christum
688 1842 1046 1885 conuersus
1137 1821 1347 1884 Lucio
1423 1820 1702 1883 Aurelio
1792 1820 2171 1885 Commodo
2247 1823 2663 1904 imperatore,

258 1909 614 1973 christiane
676 1910 942 1991 pietatis
1002 1909 1304 1990 egregius
1364 1906 1578 1970 cultor
1636 1907 1779 1978 fuit,
1851 1928 2002 1970 cum
2079 1910 2213 1971 iarn
2293 1912 2663 1991 persecutio

259 1995 520 2059 sublata
549 2016 693 2059 esse
723 1996 1054 2059 videretur
1085 1995 1229 2079 lege
1262 1994 1703 2077 promulgata,
1738 1994 1842 2057 Ne
1874 1994 2208 2058 christiani
2234 2010 2667 2077 quererentur

259 2082 344 2146 ad
393 2089 651 2166 penam,
699 2082 815 2146 sed
863 2083 1071 2146 oblati
1120 2083 1456 2144 duntaxat
1505 2083 1911 2163 punirentur,
1958 2103 2131 2164 pena
2176 2084 2380 2146 etiam
2431 2086 2661 2148 mortis

259 2169 668 2233 delatoribus
700 2171 1056 2252 proposita.
1154 2170 1229 2232 In
1263 2189 1342 2231 ea
1389 2169 1587 2250 igitur
1633 2168 2138 2232 christianorum
2187 2171 2665 2252 tranquillitate

263 2255 690 2340 Apollonius⁶
764 2278 804 2319 a
872 2277 1063 2320 seruo
1133 2255 1453 2339 prodituS,
1519 2264 1585 2318 et
1654 2255 1834 2338 apud
1903 2256 2297 2320 Perennium
2376 2258 2660 2322 iudicem

259 2354 627 2420 accusatus,
688 2343 842 2406 fidei
905 2365 1020 2406 sue
1082 2343 1405 2406 rationem
1472 2341 1748 2405 reddere
1809 2344 2074 2406 iubetur
2141 2355 2409 2426 sumpta
2485 2366 2660 2428 pena

260 2431 556 2515 legitima
618 2430 702 2493 de
762 2450 956 2493 seruo
1016 2429 1325 2493 delatore.
1420 2429 1589 2493 Cum
1652 2449 1811 2512 ergo
1888 2429 2146 2512 insigne
2219 2431 2526 2495 volumen
2599 2435 2663 2495 in

262 2517 717 2581 defensionem
753 2517 1107 2580 christiane
1139 2516 1291 2579 fidei
1325 2537 1365 2578 a
1397 2537 1467 2579 se
1498 2518 1943 2599 compositum
1996 2519 2061 2579 in
2120 2530 2354 2581 senatu
2405 2519 2667 2602 publice

263 2606 544 2689 legisset,
591 2616 861 2668 senatus
907 2603 1214 2669 consulto
1259 2602 1619 2667 damnatus
1655 2615 1774 2680 est,
1804 2614 1871 2667 et
1903 2625 2024 2687 pro
2056 2604 2298 2670 Christi
2332 2609 2665 2670 constanti

263 2693 676 2756 confessione
735 2693 954 2775 capite
1008 2701 1352 2756 truncatus
1404 2691 1588 2772 .xiiij.
1642 2691 1954 2755 calendas
2012 2693 2195 2774 Maij.
2291 2694 2437 2757 Lex
2488 2696 2664 2757 enim

261 2789 420 2856 erat,
453 2800 537 2843 ne
567 2779 904 2843 christiani
937 2778 1091 2841 sacti
1127 2780 1216 2841 rei
1251 2778 1500 2859 absque
1531 2778 1756 2841 christi
1790 2779 2237 2861 abnegatione
2256 2781 2668 2843 dimitteren-

260 2877 382 2931 tur.

808 3009 876 3080 (Ι
928 3000 1161 3067 Gaius⁷
1175 3014 1356 3085 papa
1387 3004 1684 3078 martyr.⁸
1773 3003 1987 3066 Lectio
2019 3004 2112 3086 iij.

397 3117 594 3180 Aius⁷
670 3138 845 3200 papa
920 3118 1190 3180 natione
1268 3116 1588 3179 Dalmata
1663 3116 1930 3179 ordines
2006 3117 2355 3182 destinxit⁹
2430 3121 2671 3201 quibus

440 3204 771 3287 gradatim
823 3206 906 3267 ad
954 3205 1411 3286 episcopatum
1468 3203 1949 3267 ascenderetur.
2041 3204 2343 3287 Quorum
2378 3210 2665 3289 primum

263 3302 448 3356 tenet
555 3292 924 3367 hostiariuS,
1028 3290 1307 3353 alterurn
1402 3290 1622 3366 lector,
1713 3302 1855 3353 tum
1945 3292 2298 3368 exorcista,
2374 3295 2671 3375 sequitur

265 3378 563 3455 acolitu5‚
622 3378 1091 3454 subdiaconuS,
1167 3377 1503 3454 diaconus,
1578 3378 1941 3460 presbyter,
2015 3380 2379 3462 episcopus,
2478 3381 2666 3445 Idem

263 3465 606 3529 constituit
656 3465 760 3528 Ne
806 3465 908 3528 cui
958 3464 1304 3548 prophano
1351 3466 1551 3528 sacris
1599 3465 1953 3541 initiatum,
2024 3486 2145 3528 nec
2221 3487 2489 3550 pagano
2563 3471 2668 3532 vel

264 3553 557 3617 heretico
587 3553 812 3616 liceret
843 3552 1275 3615 christianum
1310 3551 1648 3615 hominem
1685 3554 1748 3614 in
1785 3552 2098 3615 iudicium
2147 3574 2398 3617 vocare.
2495 3556 2666 3619 Item

267 3651 339 3704 vt
432 3660 632 3702 nemo
720 3641 1106 3722 episcopum
1185 3649 1301 3701 aut
1377 3638 1685 3702 clericum
1763 3640 1940 3721 apud
2019 3640 2345 3703 seculares
2421 3642 2671 3706 iudices

263 3737 622 3791 accusaret.
716 3727 1061 3789 Postremo
1121 3737 1268 3789 orta
1339 3727 1404 3788 in
1468 3725 1861 3788 christianos
1916 3736 2216 3810 tempore
2267 3728 2671 3793 Diocletiani

265 3814 723 3897 persecutione
785 3815 1088 3876 maxima
1148 3834 1300 3875 cum
1379 3813 1444 3875 in
1523 3813 1965 3876 subterraneis
2041 3813 2202 3877 locis
2277 3815 2388 3878 diu
2451 3818 2670 3881 vitans

265 3903 617 3984 impiorum
676 3900 961 3963 furorem
1018 3900 1338 3975 latuisset,
1391 3909 1624 3982 captus
1672 3921 1711 3962 a
1758 3901 2284 3982 persecutoribus
2334 3923 2464 3965 vna
2516 3924 2668 3967 cum

266 3987 558 4052 Gabinio
615 3988 835 4064 fratre,
885 3989 1160 4068 eiusque
1215 3985 1348 4049 filia
1413 3985 1723 4050 Susanna
1792 3988 2110 4068 martyrio
2178 4000 2534 4054 coronatur
2586 4014 2670 4055 .x.

262 4075 578 4139 calendas
614 4074 780 4156 Maij
814 4085 881 4138 et
916 4075 982 4137 in
1013 4074 1368 4137 cemeterio
1403 4073 1634 4138 Calisti
1688 4074 1795 4136 via
1850 4075 2078 4157 Appia
2132 4076 2464 4159 sepelitur,
2516 4099 2679 4141 cum

261 4161 540 4225 sedisset
576 4182 789 4225 annos
823 4162 933 4226 .xi.
967 4181 1231 4224 menses
1263 4160 1391 4243 ,iiij.
1423 4161 1564 4223 dies
1596 4160 1729 4242 .xij.
1768 4212 1771 4215 .

354 4314 378 4409 ἰ
407 4331 581 4430 Ἇεοειιῖι
604 4328 740 4411 ³·39‘.
762 4325 856 4366 etc.
915 4390 933 4431 t
1363 4311 1387 4408 ἰ
1417 4314 1761 4429 ἓρῐηπέἱςςεωὶῑ
1785 4334 1797 4364 z
1824 4328 1902 4378 39.
2251 4316 2273 4347 ³
2304 4319 2498 4368 solenni
2521 4337 2541 4369 .·
2571 4334 2657 4383 43.

354 4442 377 4475 ⁶
410 4397 741 4510 Affinffiffssi
761 4394 856 4510 3³8⁹.'
885 4396 912 4431 e
937 4397 978 4431 ε’
1366 4443 1387 4476 ⁷
1421 4393 1604 4495 6552}
1631 4397 1761 4507 ⁸3'⁸9.''²
1750 4416 1827 4507 41.
1858 4459 1935 4522 43.
1967 4460 2044 4509 49.
2075 4447 2152 4498 60.
2184 4448 2262 4498 61.
2284 4448 2362 4512 63.
2387 4448 2468 4499 66.

352 4507 374 4540 ⁸
405 4510 472 4560 di.
499 4524 575 4560 22.
606 4512 664 4559 in
687 4528 753 4560 m.
1362 4507 1384 4540 ⁹
1424 4510 1566 4560 Thus
1585 4512 1689 4560 also
1711 4510 1788 4574 38.
1861 4511 2085 4563 distinxit
2108 4532 2121 4564 ε
2157 4526 2235 4579 39.
2264 4522 2358 4564 etc.

2271 4595 2404 4643 '1³2
