3293 5225
527 489 595 542 74
1036 481 1524 532 HEBDOMADA
1565 481 1871 542 QUARTA
1921 481 2008 529 VA
2021 480 2387 532 GANTJUM.

523 653 645 697 eos
674 654 843 716 quos
878 634 1089 698 malos
1122 635 1291 698 filios
1322 636 1635 699 dominus
1668 635 2148 718 interpretatur.
2242 635 2374 700 Sed
2409 633 2610 699 rectel
2653 636 2948 717 'queritur

528 731 750 784 vtrum
785 722 1056 785 heretici
1090 723 1220 785 sint
1265 744 1349 785 an
1408 722 1581 785 male
1631 722 1933 785 viuentes
1982 722 2340 786 catholici?
2432 724 2718 785 Possunt
2765 723 2942 786 enim

529 807 659 871 dici
696 809 852 871 mali
885 808 998 890 filij
1032 810 1235 873 etiam
1268 810 1575 873 heretici:
1622 810 1736 890 qui
1768 831 1857 872 ex
1904 811 2141 872 eodem
2196 810 2522 893 euangelij
2575 811 2828 872 semine
2875 819 2943 873 et

533 894 776 960 Christi
811 898 1082 959 nomine
1128 899 1491 978 procreati:
1538 897 1764 979 prauis
1811 896 2238 980 opinionibus
2284 897 2369 960 ad
2427 897 2592 960 falsa
2621 897 2943 979 dogmata

527 992 1027 1046 conuertuntur.
1123 984 1255 1047 Sed
1305 985 1485 1066 quod
1538 983 1699 1048 dicit
1748 1005 1863 1047 eos
1917 986 1982 1046 in
2039 985 2262 1048 medio
2310 985 2506 1048 tritici
2540 985 2943 1047 seminatos:

523 1070 719 1150 quasi
780 1069 1092 1133 videntur
1164 1071 1254 1134 illi
1330 1070 1683 1152 significari
1757 1072 1870 1152 qui
1945 1072 2139 1134 vnius
2212 1072 2702 1134 communionis
2774 1080 2944 1134 sunt.

532 1155 992 1220 Veruntamen
1057 1159 1213 1240 quia
1275 1158 1586 1221 dominus
1648 1179 1881 1239 agrum
1945 1179 2077 1221 non
2140 1159 2531 1221 ecclesiam:
2598 1159 2715 1221 sed
2768 1158 2943 1220 hunc

536 1243 894 1307 mundum2
927 1246 1397 1327 interpretatur
1426 1270 1439 1309 ε
1489 1247 1948 1326 intelliguntur
1979 1246 2246 1308 heretici
2277 1246 2435 1328 quia
2468 1265 2599 1308 non
2622 1246 2939 1307 societate

529 1331 723 1393 vnius
796 1331 1073 1396 ecclesie
1146 1332 1250 1395 vel
1326 1334 1518 1396 vnius
1579 1333 1777 1396 fidei:
1839 1333 1958 1395 sed
2019 1334 2337 1396 societate
2396 1331 2598 1395 solius
2656 1333 2942 1395 nominis

525 1417 869 1481 christiani
901 1420 966 1482 in
999 1420 1125 1482 hoc
1160 1421 1413 1482 mundo
1446 1421 1926 1502 permiscentur
1956 1420 2146 1483 bonis
2175 1443 2188 1483 :
2235 1431 2307 1484 vt
2339 1420 2429 1482 illi
2462 1421 2575 1502 qui
2609 1421 2672 1482 in
2705 1418 2940 1481 eadem

532 1503 663 1566 fide
726 1506 881 1568 mali
944 1517 1138 1570 sunt:
1185 1509 1377 1588 palea
1439 1510 1661 1591 potius
1721 1528 1921 1589 quam
1987 1508 2238 1570 zizania
2291 1515 2724 1589 reputentur:
2785 1506 2941 1587 quia

532 1592 725 1674 palea
822 1594 1023 1656 etiam
1118 1594 1627 1657 fundamentum
1722 1596 1937 1677 ipsum
2029 1593 2231 1657 habet
2320 1615 2473 1657 cum
2564 1594 2939 1656 frumento:

527 1679 954 1762 radicemque
983 1701 1429 1744 communem.
1525 1682 1601 1744 In
1637 1682 1727 1744 illi
1755 1680 1950 1763 plane
1996 1701 2245 1764 sagena
2291 1701 2423 1763 qua
2455 1680 2941 1743 concluduntur

531 1765 688 1828 boni
739 1776 805 1829 et
861 1767 1016 1831 mali
1070 1770 1324 1850 pisces:
1389 1789 1520 1831 non
1570 1768 1857 1832 absurde
1909 1768 2061 1831 mali
2110 1768 2416 1831 catholici
2467 1767 2941 1849 intelliguntur.

533 1851 743 1916 Aliud
797 1864 899 1917 est
964 1875 1145 1918 mare
1204 1855 1386 1938 quod
1437 1855 1770 1939 significat
1820 1856 2033 1939 magis
2089 1856 2287 1918 istum
2346 1854 2711 1918 mundum:
2760 1853 2938 1916 aliud

530 1960 783 2022 sagena
814 1961 944 2022 que
974 1943 1167 2005 vnius
1200 1941 1353 2005 fidei
1386 1943 1489 2005 vel
1523 1945 1716 2006 vnius
1776 1943 2049 2006 ecclesie
2094 1944 2631 2006 communionem
2680 1942 2942 2004 videtur

530 2029 901 2092 ostendere.
998 2030 1179 2092 Inter
1245 2031 1569 2093 hereticos
1632 2039 1700 2093 et
1766 2031 1976 2092 malos
2039 2029 2401 2093 catholicos
2455 2030 2578 2092 hoc
2632 2030 2939 2090 interest:

525 2114 711 2196 quod
744 2115 1012 2179 heretici
1046 2116 1209 2179 falsa
1240 2118 1557 2181 credunt:
1604 2117 1697 2180 illi
1728 2127 1953 2180 autem
1986 2137 2142 2179 vera
2173 2117 2519 2180 credentes
2551 2136 2683 2178 non
2712 2116 2942 2177 viuunt

527 2200 650 2263 ita3
707 2202 1003 2268 credunt.
1096 2203 1282 2267 Solet
1349 2214 1572 2267 autem
1642 2205 1826 2286 queri
1895 2205 2095 2266 etiam
2167 2204 2563 2267 schismatici
2632 2202 2791 2284 quid
2857 2202 2944 2264 ab

529 2287 834 2352 hereticis
865 2290 1157 2354 distent:
1203 2300 1269 2353 et
1301 2291 1456 2354 hoc*
1485 2292 1708 2354 inueni
1741 2292 1922 2373 quod
1970 2292 2425 2354 schismaticos
2475 2289 2636 2352 fides
2681 2289 2942 2352 diuersa

531 2395 664 2438 non
733 2376 973 2441 faciat:
1048 2379 1166 2440 sed
1232 2380 1721 2441 communionis
1790 2378 2091 2460 disrupta
2140 2379 2437 2441 societas,
2531 2377 2664 2440 Sed
2723 2390 2937 2439 vtrum

526 2463 700 2525 inter
729 2464 980 2527 zizania
1014 2467 1406 2530 numerandi
1436 2466 1570 2528 sint
1602 2465 1889 2528 dubitari
1922 2474 2155 2547 potest.

1623 2641 1869 2706 Oratio.

544 2761 985 2890 FAmiliam
1020 2776 1206 2829 tuam
1240 2787 1606 2849 quesumus
1658 2766 1930 2829 domine
1983 2764 2301 2829 continua
2333 2766 2580 2848 pietate
2635 2764 2894 2827 custodi
2926 2787 2939 2825 ε

562 2930 569 2939 .
703 2862 775 2915 vt
835 2851 991 2934 que⁶
1052 2854 1116 2915 in
1169 2854 1311 2916 sola
1362 2874 1480 2937 spe
1526 2856 1740 2937 gratie
1787 2853 2051 2916 celestis
2100 2853 2442 2916 innititur:
2519 2862 2635 2915 tua
2681 2870 2943 2933 semper

525 2939 940 3021 protectione
972 2942 1322 3003 muniatur.
1415 2941 1540 3003 Per
1567 2941 1914 3004 dominum
1950 2949 2268 3016 nostrum,
2297 2950 2420 3005 ete.

916 3133 983 3202 {1
1026 3127 1224 3190 Feria
1254 3127 1337 3209 .ῂὶ
1370 3148 1449 3191 ex
1474 3126 1951 3192 Eccleszkzstztofl
2040 3127 2253 3190 Lectio
2273 3127 2511 3209 prima.

676 3250 763 3313 Vi
818 3252 1108 3335 tetigerit
1171 3253 1383 3335 picem
1447 3251 1898 3334 inquinabitur
1945 3253 2032 3316 ab
2084 3273 2163 3315 ea
2348 3253 2537 3335 quasi
2590 3252 2654 3314 in
2693 3252 2943 3315 somnis

718 3337 869 3401 vide
898 3347 966 3401 et
990 3338 1310 3421 vigilabis,

921 3531 989 3601 (Ι
1033 3526 1146 3589 Ex
1170 3526 1431 3608 epistola
1463 3545 1538 3591 .1.
1569 3528 1666 3589 ad
1701 3525 2150 3590 Temotlzeum.⁷
2237 3526 2451 3590 Lectio
2484 3527 2548 3607 ᾔ.

681 3649 921 3713 Bsecro
968 3650 1165 3732 igitur
1210 3652 1495 3733 primum
1543 3653 1843 3715 omnium
1893 3651 2030 3715 fieri
2070 3651 2577 3726 obsecrationeS,
2607 3651 2939 3714 orationes

820 3748 888 3800 et
919 3738 1442 3802 sanctificatione
1472 3760 1623 3802 cum
1657 3738 2032 3803 sobrietate.

918 3930 985 3999 (Ι
1031 3924 1229 3987 Fet-ia
1260 3925 1372 4006 ,ἰῂζ
1404 3946 1484 3988 ex
1509 3925 1573 3987 E
1574 3923 1990 3990 eclesiastica.8
2076 3926 2290 3989 Lectio
2306 3926 2550 4007 prima.

531 4046 827 4176 OMni
860 4049 998 4111 vita
1044 4059 1160 4113 tua
1206 4049 1408 4132 dilige
1453 4050 1673 4123 deum,
1705 4059 1772 4112 et
1818 4049 2057 4113 inuoca
2089 4049 2274 4113 illum
2423 4050 2658 4113 faciem
2692 4050 2937 4112 bonam

708 4134 974 4198 difficile
1006 4137 1320 4212 inuenieS,
1350 4147 1419 4201 et
1450 4157 1599 4200 cum
1636 4137 1877 4200 labore.

2353 4254 2366 4283 Ι

629 4328 646 4359 ¹
681 4347 773 4380 om.
804 4330 881 4394 38.
1408 4331 1430 4363 ²
1464 4334 1704 4384 modum:
1742 4334 1820 4398 63.
2297 4333 2319 4363 ³
2353 4346 2403 4383 vt
2427 4353 2439 4384 :
2465 4336 2575 4385 add.
2606 4347 2683 4398 39.
2713 4347 2806 4385 etc.

628 4394 649 4425 ⁴
682 4397 807 4446 hac:
844 4396 922 4445 66.
1837 4398 1858 4429 ⁶
1925 4400 2007 4450 ui:
2044 4399 2121 4463 38.

624 4458 646 4489 ⁰
678 4461 767 4510 Ca.
798 4474 853 4525 13
878 4464 935 4510 in
960 4479 1025 4511 m.
1054 4462 1176 4523 [xiii.
1212 4466 1378 4525 1-17.]
1831 4464 1851 4496 ⁷
1938 4465 2053 4525 ltus,
2078 4466 2167 4516 Ca.
2198 4478 2227 4514 2
2250 4466 2308 4512 in
2333 4482 2398 4515 m.
2426 4465 2497 4527 [ii.
2533 4467 2678 4530 1-15]

628 4524 652 4555 ⁸
684 4527 807 4587 [xiii.
842 4526 1040 4591 18-32.]
