3293 5225
498 319 593 380 328
1064 320 1169 369 NA
1182 321 1232 369 Τ
1226 322 1262 369 I
1271 321 1346 369 Vl
1349 322 1390 369 7
1392 321 1487 370 AS
1517 321 1579 370 B.
1622 322 1929 371 MARJAE
1974 322 2319 371 VIRGINIS.
2633 320 2819 384 [SEPT.
2864 319 2914 372 8.

632 472 1028 554 Antiphona.
1086 474 1320 555 Regali
1353 496 1440 537 ex
1489 476 1803 558 progenie
1862 475 2077 537 Maria
2107 485 2343 538 exorta
2392 475 2690 559 refulget,
2720 474 2909 537 cuius

502 560 804 642 precibus
837 580 958 621 nos
989 559 1287 623 adiuuari
1319 572 1562 639 mente,
1595 573 1660 626 et
1693 562 1924 645 spiritu
1958 563 2388 625 devotissime
2420 564 2771 645 poscimus,

1519 725 1731 789 Lectio
1760 723 1900 807 ,iz-'72¹

511 835 840 964 MAria
874 836 1062 918 virgo
1095 837 1338 920 Cristi†
1372 847 1584 900 mater
1615 849 1873 921 patrem
1923 837 2156 901 habuit
2210 837 2653 900 Ioachimum²
2684 839 2899 900 ciuem

738 923 1073 986 Nazareth
1134 926 1311 987 vrbis
1374 924 1646 1002 Galilee‚
1699 936 1767 988 et
1821 936 2099 989 matrem
2167 925 2439 987 Annam
2497 946 2586 987 ex
2649 926 2902 1008 oppido

500 1009 912 1086 Bethlehem,
972 1012 1207 1075 ambos
1252 1034 1338 1075 ex
1402 1012 1575 1075 tribu
1633 1013 1796 1076 Iude
1844 1034 1934 1076 ex
1998 1033 2180 1075 more
2241 1013 2604 1088 iudeorum,
2658 1012 2897 1093 quibus

496 1117 583 1159 ex
617 1117 737 1159 sua
767 1099 1004 1180 cuique
1035 1098 1241 1162 Tribu
1263 1119 1542 1162 vxorem
1571 1101 1810 1163 ducere
1831 1099 2201 1182 legitimum
2228 1107 2369 1162 erat
2401 1109 2469 1162 et
2488 1109 2896 1163 consuetum.

500 1183 876 1247 Ioachimus
926 1186 1125 1267 igitur
1169 1196 1236 1249 et
1298 1188 1501 1249 Anna
1563 1187 1832 1250 assidua
1864 1197 1931 1250 et
1986 1186 2268 1250 mirabili
2323 1186 2640 1267 religione
2693 1186 2891 1248 deum

493 1271 804 1347 colenteS,
894 1273 1293 1354 tripartitam
1373 1274 1711 1337 habebant
1786 1294 2055 1337 suorum
2148 1274 2475 1336 bonorum
2553 1274 2892 1335 rationem.

493 1358 717 1420 Vnam
754 1360 930 1422 enim
968 1370 1224 1443 partem
1262 1362 1662 1443 pauperibus
1708 1361 1985 1424 alteram
2042 1361 2296 1441 templo
2345 1361 2620 1442 eiusque
2672 1359 2892 1422 minis-

493 1446 612 1508 tris
666 1446 1070 1522 dicauerant,
1120 1450 1314 1510 tertia
1369 1470 1438 1511 se
1487 1469 1816 1530 suamque
1870 1448 2190 1511 familiam
2241 1446 2529 1510 alebant.
2644 1447 2777 1512 Sed
2827 1449 2889 1510 in

496 1532 748 1595 iustitia
824 1554 989 1615 pace
1063 1545 1130 1596 et
1206 1536 1454 1617 gaudio
1529 1546 2030 1619 perseuerantes
2104 1555 2274 1597 vnus
2349 1544 2612 1598 tantum
2704 1534 2893 1597 dolor

489 1619 853 1683 sterilitatis
942 1620 1253 1704 angebat,
1341 1622 1522 1685 nulla
1612 1623 1796 1704 prole
1887 1633 2037 1705 post
2144 1642 2393 1685 annum
2487 1619 2889 1702 matrimonij

488 1707 883 1788 vigesimum
932 1720 1295 1790 procreata,
1325 1710 1505 1790 quod
1554 1720 1746 1792 turpe
1793 1721 1861 1773 et
1916 1709 2185 1772 insamie
2234 1709 2381 1771 loco
2430 1708 2600 1770 inter
2650 1708 2890 1770 Iudeos

489 1793 877 1857 habebatur.
1018 1797 1251 1876 Itaque
1349 1794 1761 1870 lochaimus†
1821 1817 1969 1859 cum
2065 1798 2127 1858 in
2221 1795 2391 1858 festo
2466 1795 2886 1858 enceniorum

496 1880 976 1962 lerosolymam
1039 1883 1362 1946 adorandi
1425 1885 1638 1965 gratia
1700 1884 2010 1961 venisset,
2060 1883 2392 1964 velletque
2453 1882 2740 1965 supplex
2802 1882 2886 1944 ad

486 1968 694 2031 altare
725 1968 831 2030 dei
867 1989 1106 2032 munus
1136 1970 1386 2045 offerre,
1422 1971 1721 2053 repulsus
1754 1981 1855 2034 est
1886 1971 1973 2035 ab
2022 1970 2328 2033 Isachare
2360 1970 2705 2032 sacerdote
2737 1989 2885 2031 cum

487 2054 870 2135 ignominia,
916 2058 1104 2138 quasi
1161 2058 1474 2138 indignus
1526 2069 1721 2130 esset,
1773 2058 1862 2121 ob
1915 2058 2186 2142 longam
2241 2053 2730 2129 sterelitatem,†
2775 2056 2885 2138 qui

485 2162 668 2205 more
701 2153 962 2224 patrum
997 2154 1063 2208 et
1095 2145 1527 2208 fecundorum
1559 2145 1907 2208 hominum
1942 2148 2025 2207 ad
2062 2165 2212 2207 eum
2245 2144 2464 2207 locum
2500 2140 2889 2207 accederet.³

486 2227 639 2310 Qua
700 2230 962 2312 repulsa
1023 2233 1463 2295 mestissimus
1530 2230 1935 2309 loachinus,†
1997 2253 2115 2294 nec
2163 2232 2379 2294 serens
2442 2253 2559 2314 pre
2620 2231 2887 2312 pudore,

485 2335 754 2379 suorum
831 2319 1075 2381 ciuium
1153 2331 1611 2402 conspectum,
1675 2319 1759 2382 ad
1837 2319 2062 2382 caulas
2139 2319 2424 2382 secessit.
2546 2317 2670 2381 Cui
2735 2328 2886 2399 post

483 2403 739 2485 aliquot
770 2404 912 2467 dies
944 2426 1096 2468 cum
1147 2406 1521 2489 pastoribus
1567 2407 2027 2482 commoranti,
2057 2416 2124 2470 et
2170 2407 2473 2487 precibus
2518 2404 2799 2468 assiduis
2844 2425 2884 2466 a

483 2492 610 2552 deo
641 2494 1089 2569 contendenti,
1120 2502 1191 2555 vt
1222 2513 1368 2556 eam
1402 2515 1443 2557 a
1475 2514 1545 2556 se
1591 2494 2026 2577 ignominiam
2075 2493 2455 2575 depelleret,
2485 2491 2762 2573 angelus
2811 2511 2882 2553 se

481 2579 794 2655 ostendit,
825 2590 893 2643 et
925 2579 1103 2643 bono
1136 2581 1361 2644 animo
1395 2581 1609 2664 ipsum
1668 2601 1812 2645 esse
1866 2580 2099 2644 iubens
2150 2600 2378 2663 preces
2425 2580 2567 2642 eius
2622 2577 2883 2642 auditas

481 2686 625 2728 esse
685 2686 725 2728 a
785 2668 915 2730 deo
970 2670 1394 2741 renunciauit,
1460 2668 1797 2751 filiamque
1854 2669 2350 2751 procreandam,
2401 2688 2532 2749 que
2595 2665 2756 2730 Sare
2814 2675 2883 2729 et

483 2751 795 2817 Rachelis
856 2754 1108 2837 prolem
1173 2755 1469 2837 mysterij
1536 2758 1997 2837 magnitudine
2057 2763 2415 2836 superaret.
2553 2753 2707 2836 Qua
2767 2773 2886 2835 spe

480 2849 738 2903 erectus
800 2842 1102 2924 letusque
1167 2843 1546 2905 Ioachimus
1613 2845 1890 2906 domum
1947 2852 2252 2925 repetens
2311 2841 2506 2905 vxori
2568 2840 2884 2913 obuiauit‚

483 2947 613 3008 que
645 2947 793 2990 curn
842 2930 901 2991 ei
949 2949 1215 3011 quoque
1260 2931 1679 3012 apparuisset
1724 2931 2019 3012 angelus,
2070 2930 2441 3010 eademque
2491 2929 2887 3003 nunciasset,

485 3014 681 3095 plena
743 3035 862 3096 spe
923 3026 990 3078 et
1051 3017 1302 3098 gaudio
1358 3018 1441 3080 ad
1502 3019 1742 3080 marito
1803 3017 2406 3099 congratulandum
2472 3014 2888 3098 properabat.

485 3101 848 3165 Salutauit‘*
901 3104 1102 3186 igitur
1157 3106 1327 3166 inter
1370 3125 1443 3167 se
1496 3126 1644 3166 cum
1701 3107 2000 3167 maxima
2056 3104 2282 3178 letitia,
2332 3115 2400 3167 et
2449 3104 2593 3166 visa
2644 3102 2886 3184 deique

482 3190 879 3270 promissum
945 3191 1360 3254 conferentes
1422 3191 1694 3254 domum
1763 3200 2191 3255 reuertuntur.
2312 3190 2642 3272 Concepit
2688 3191 2892 3272 igitur

483 3275 687 3338 Anna
720 3277 949 3340 diuino
983 3298 1253 3341 munere
1286 3291 1616 3360 sextoque
1651 3278 1797 3342 idus
1821 3278 2232 3360 Septembris
2270 3278 2554 3341 Mariam
2589 3278 2844 3358 peperit
2872 3300 2888 3339 ε

484 3382 613 3444 que
644 3373 716 3426 vt
752 3364 899 3426 Eua
947 3368 1254 3428 maritum
1305 3365 1389 3428 ad
1439 3376 1784 3448 peccatum
1822 3366 2134 3442 allicienS,
2165 3385 2363 3427 causa
2396 3364 2519 3427 suit
2553 3365 2888 3426 mortifere

480 3452 823 3513 seruitutis
872 3451 1145 3515 humani
1195 3455 1473 3534 generis,
1523 3455 1614 3516 sic
1671 3455 1816 3536 ipsa
1868 3454 2098 3535 genito
2151 3453 2354 3515 cristo
2408 3452 2885 3532 redemptionis

476 3537 749 3601 salutis,5

1427 3684 1494 3753 (Ι
1539 3679 1665 3741 Aa'
1686 3679 1924 3742 laudes.

605 3787 1006 3868 Anttpltona.
1162 3790 1606 3854 Natiuitatern
1716 3791 2108 3854 hodiernam
2202 3799 2522 3872 perpetue
2612 3790 2887 3869 virginis

471 3876 814 3956 genitricis
847 3877 954 3938 dei
991 3877 1203 3939 Marie
1236 3878 1597 3941 solenniter
1641 3878 2052 3941 celebremus
2107 3898 2240 3959 qua
2288 3875 2616 3939 celsitudo
2661 3875 2885 3939 throni

469 3963 788 4043 processit
819 3962 1144 4027 halleluia.

569 4122 582 4152 1
660 4124 670 4134 .
819 4125 829 4135 .

563 4186 586 4218 ²
621 4123 952 4240 ligcghiraelbaemn:
981 4142 1074 4253 gg:
1090 4125 1184 4252 318..
1200 4205 1279 4255 43.
1308 4207 1389 4254 44.
1418 4206 1496 4254 49.
1526 4194 1636 4241 and
1651 4194 1773 4257 spelt
1794 4192 1913 4240 thus
1934 4192 2235 4254 throughout
2257 4193 2410 4240 lcsson
2429 4206 2448 4240 .·
2480 4189 2558 4254 38.
2589 4190 2672 4241 61.
2690 4191 2769 4254 63.
2800 4192 2885 4253 64.

466 4256 592 4302 read
609 4255 907 4304 Ioachimus.
1772 4255 1792 4286 ³
1825 4257 2104 4306 accideret:
2144 4256 2220 4320 38.

566 4319 586 4348 ⁴
619 4322 872 4370 salutant:
911 4333 987 4384 39.
1017 4336 1096 4383 41.
1126 4335 1205 4386 43.
1235 4338 1314 4384 44.
1345 4323 1424 4372 61.
1454 4323 1533 4386 63.
1563 4323 1641 4384 64.
1674 4322 1992 4373 Salutantes:
2028 4335 2107 4384 49.

563 4383 584 4413 ⁵
617 4385 880 4435 salutaris:
920 4399 998 4449 39.
1028 4397 1121 4438 etc.

365 4816 524 4931 X,

525 4932 548 4963 ,λι
