3293 5225
266 435 407 485 Nov.
447 435 524 497 4]
886 435 1076 484 ocra
1092 435 1180 485 VA
1221 433 1546 485 OMNIUM
1568 434 1915 484 SANCTOR
1925 435 2054 486 ΠΜ.
2584 446 2680 499 347

262 588 372 652 dei
446 588 782 671 genitricis
856 597 1057 670 atque
1132 589 1432 652 omnium
1510 598 1877 669 martyrum
1939 588 2200 652 christi:
2274 598 2345 652 vt
2404 588 2680 652 exclusa

264 673 691 739 multitudine
752 675 1113 739 demonum
1169 673 1531 738 multitudo
1583 675 1673 738 ibi
1727 685 2106 739 sanctorum
2160 696 2200 739 a
2254 675 2559 740 fidelibus
2613 678 2678 739 in

267 765 588 826 memoria
671 762 1037 837 haberetur,
1098 773 1166 827 et
1226 761 1413 845 plebs
1471 763 1779 825 vniuersa
1842 764 1907 825 in
1970 764 2190 845 capite
2248 762 2676 827 calendarum

268 849 332 912 N
337 850 753 914 ouembrium
801 851 971 913 sicut
1013 852 1078 912 in
1112 849 1220 913 die
1258 847 1515 912 Natalis
1546 849 1798 912 domini
1832 848 1919 912 ad
1949 850 2296 913 ecclesiam
2332 851 2397 913 in
2431 851 2680 913 honore

266 939 566 1000 omnium
629 945 1009 1000 sanctorum
1063 946 1517 999 consecratam
1581 937 1983 1010 conueniret,
2046 936 2269 1019 ibique
2330 938 2678 1000 missarum

266 1022 666 1087 solennitate
710 1044 750 1086 a
797 1021 1079 1106 presulel
1110 1024 1285 1087 sedis
1314 1021 1677 1106 apostolice
1709 1023 2057 1098 celebrata,
2087 1024 2528 1106 omnibusque
2562 1025 2683 1087 rite

268 1111 574 1193 perfectis
619 1112 1070 1192 vnusquisque
1123 1112 1189 1173 in
1237 1131 1355 1174 sua
1401 1130 1552 1173 cum
1607 1110 1855 1191 gaudio
1901 1121 2241 1174 remearet.
2334 1112 2477 1173 Nos
2521 1131 2682 1194 ergo

269 1198 501 1261 fratres
549 1197 914 1261 charissimi
964 1199 1029 1259 in
1084 1199 1383 1260 omnium
1418 1197 1796 1279 primordijs
1826 1208 2205 1261 sanctorum
2240 1199 2585 1261 nominare
2617 1207 2683 1260 et

268 1284 538 1348 laudare
583 1294 650 1348 et
695 1284 1062 1366 glorificare
1102 1285 1421 1348 condecet
1453 1305 1603 1347 eum
1638 1287 1752 1366 qui
1783 1294 2059 1347 cunctos
2089 1285 2388 1348 condidit
2420 1295 2684 1348 sanctos

269 1392 387 1454 per
460 1391 659 1453 quem
737 1372 912 1434 facta
987 1382 1141 1435 sunt
1216 1373 1458 1446 omnia,
1536 1392 1652 1453 per
1725 1391 1922 1453 quem
1999 1382 2239 1435 cuncta
2313 1372 2683 1435 subsistunt

268 1458 617 1534 elementa,
659 1461 843 1521 cuius
893 1461 1204 1522 maiestas
1254 1478 1374 1521 nec
1429 1460 1660 1541 incipit
1710 1478 1830 1520 nec
1884 1458 2126 1522 desinit
2168 1460 2234 1521 in
2268 1458 2580 1534 seculum,
2611 1468 2683 1522 vt

272 1547 508 1608 merito
540 1547 758 1608 omnis
790 1547 1203 1628 principium,
1233 1566 1310 1608 ac
1344 1545 1492 1608 finis
1521 1555 1820 1608 creature
1852 1547 2245 1609 nominetur.

401 1638 468 1708 (Ι
513 1632 896 1694 Notandum
956 1634 1133 1714 quod
1183 1632 1370 1694 hodie
1412 1642 1640 1713 preter
1694 1631 1964 1713 officium
2013 1633 2151 1694 diei
2197 1633 2443 1695 dz‘citur
2482 1633 2679 1694 etiam

271 1720 670 1781 matutinum
723 1741 865 1782 cum
917 1720 1059 1782 suis
1108 1719 1414 1782 laudibus
1445 1730 1572 1800 pro
1616 1720 1939 1799 dqfunctis
1967 1718 2128 1782 nisi²
2156 1720 2494 1796 dominica,
2526 1740 2680 1782 nam

272 1815 425 1868 tunc
451 1807 849 1868 matutinum
881 1807 1327 1886 defunctorum
1360 1807 1606 1869 dz'citur
1630 1807 1736 1868 die
1763 1807 1927 1870 lune.

750 1974 817 2044 (I
863 1968 994 2031 Die
1024 2019 1037 2032 .
1045 1984 1099 2047 3.
1130 1968 1208 2030 de
1235 1977 1461 2031 octaua
1491 1968 1780 2030 omnium
1811 1967 2221 2032 sanctorum-⁴³

1315 2079 1528 2141 Lectio
1559 2080 1671 2160 jzj.

289 2190 578 2318 BEata
631 2191 737 2254 dei
791 2192 1083 2273 genitrix
1129 2200 1197 2254 et
1246 2211 1507 2273 semper
1550 2191 1739 2272 virgo
1790 2190 2020 2266 Maria,
2052 2189 2376 2272 templum
2411 2190 2684 2266 domini,

430 2280 785 2341 sacrarium
849 2279 1116 2360 spiritus
1176 2279 1406 2353 sancti,
1464 2279 1653 2359 virgo
1714 2287 1870 2339 ante
1947 2287 2228 2359 partum,
2286 2279 2473 2359 virgo
2536 2290 2687 2359 post

276 2375 560 2446 partum,
615 2366 938 2447 presentis
990 2366 1121 2428 diei
1175 2365 1592 2427 solennitatis
1645 2384 1797 2426 cum
1850 2365 1982 2425 suis
2035 2364 2400 2446 virginibus
2444 2385 2686 2446 expers

277 2449 460 2514 nullo
509 2451 712 2514 modo
764 2451 1093 2515 credenda
1146 2461 1247 2514 est
1300 2471 1429 2532 que
1482 2451 1589 2514 dei
1636 2450 1956 2533 populum
2014 2450 2316 2514 faciendo
2371 2451 2687 2514 monebat

276 2557 602 2620 spernere,
679 2539 946 2621 perituri
1023 2537 1222 2601 luxus
1296 2537 1516 2615 seculi,
1575 2558 1615 2600 a
1679 2539 2004 2600 lenocinio
2080 2539 2377 2601 mortalis
2453 2547 2686 2601 nature

276 2623 607 2689 declinare
655 2627 869 2688 carnis
923 2626 1309 2708 pudicitiam
1360 2646 1512 2688 cum
1560 2626 1958 2707 virginitatis
1989 2626 2238 2688 honore
2271 2627 2442 2688 intra
2474 2625 2689 2688 cordis

277 2711 593 2794 hospitia*
622 2712 989 2788 obseruare,
1019 2732 1302 2794 eamque
1350 2714 1652 2775 omnium
1699 2714 2016 2775 virtutum
2052 2714 2369 2794 reginam,
2401 2712 2685 2775 fructum

277 2798 509 2860 salutis
530 2810 861 2882 perpetue,
885 2801 1133 2862 sociam
1154 2820 1298 2862 esse
1329 2800 1719 2881 angelorum
1753 2800 1887 2861 suis
1917 2799 2316 2862 affirmabat⁵
2341 2798 2688 2881 exempliS,

278 2886 371 2948 ita
423 2895 495 2948 vt
549 2886 1047 2950 innumerabilis
1097 2888 1435 2967 vtriusque
1488 2907 1692 2948 sexus
1745 2886 2105 2949 multitudo
2135 2887 2277 2948 eius
2308 2896 2690 2968 sequeretur

275 2974 573 3054 vestigia.

1305 3234 1518 3297 Lectio
1549 3235 1661 3316 ,iifl

433 3346 522 3410 Ui
571 3366 855 3428 superna
909 3346 1197 3409 celorum
1246 3367 1449 3428 regna
1495 3346 1832 3429 spiritibus
1862 3347 2178 3428 angelicis
2208 3346 2294 3409 ad
2328 3345 2593 3409 laudem
2626 3354 2693 3408 et

457 3434 735 3514 gloriam
825 3442 1028 3514 atque
1103 3434 1421 3496 honorem
1498 3435 1598 3495 sui
1676 3434 1964 3496 nominis
2037 3454 2114 3495 ac
2191 3434 2557 3495 maiestatis
2625 3433 2691 3495 in

282 3531 673 3602 perpetuum
727 3521 894 3582 miro
946 3520 1176 3583 ordine
1229 3520 1581 3583 collocauit
1633 3520 1799 3583 deus
1850 3529 1967 3584 est.
2062 3520 2166 3582 De
2216 3520 2458 3601 quibus
2504 3518 2692 3602 plura

283 3607 463 3688 loqui
520 3608 1044 3689 pertimescimus
1092 3609 1248 3688 quia
1301 3608 1422 3670 soli
1469 3608 1596 3670 deo
1628 3609 1791 3670 scire
1822 3617 1923 3670 est
1955 3606 2295 3688 quomodo
2326 3606 2429 3669 vel
2462 3626 2691 3687 quem-

282 3693 647 3757 admodum
723 3714 952 3757 eorum
1030 3695 1221 3756 nobis
1311 3694 1658 3757 inuisibilis
1746 3694 1996 3775 absque
2086 3695 2487 3775 contagione
2576 3712 2691 3756 seu

285 3781 725 3844 diminutione
781 3782 845 3843 in
901 3780 1042 3843 sola
1095 3783 1193 3843 sui
1250 3783 1531 3863 paritate
1585 3783 1905 3843 consistat
1951 3790 2204 3844 natura.
2298 3780 2433 3844 Sed
2466 3790 2691 3843 tamen

215 3884 227 3891 ·
287 3886 529 3930 nouem
591 3889 734 3931 esse
794 3868 1183 3950 angelorum
1245 3868 1510 3931 ordines
1568 3868 1655 3931 ad
1717 3868 1822 3931 dei
1887 3868 2127 3932 iudicia
2187 3889 2264 3930 ac
2328 3868 2692 3930 ministeria

284 3954 700 4037 complenda,
754 3964 1042 4018 testante
1091 3975 1277 4018 sacro
1325 3955 1591 4037 eloquio
1643 3957 2098 4037 cognouimuS.
2194 3954 2324 4017 His
2382 3954 2694 4017 omnibus

283 4040 517 4104 fratres
547 4042 912 4104 charissimi
945 4050 1082 4104 tam
1104 4043 1359 4105 decoris
1377 4063 1454 4105 ac
1475 4042 1603 4105 deo
1625 4042 1883 4105 dilectis
1901 4042 2290 4124 angelorum
2314 4040 2695 4123 agminibus

284 4128 480 4191 huius
532 4129 662 4191 diei
713 4127 1180 4192 solennitatem
1235 4129 1564 4192 credimus
1610 4150 1756 4192 esse
1808 4139 2281 4192 consecratam.
2374 4128 2509 4192 Sed
2541 4148 2694 4190 ecce

283 4214 445 4278 dum
497 4215 838 4279 celestium
894 4217 1138 4279 ciuium
1195 4226 1444 4279 secreta
1495 4218 1830 4292 rimamur,
1884 4236 2081 4298 supra
2131 4214 2406 4279 modum
2471 4224 2694 4278 nostre

381 4373 398 4404 ¹
436 4375 706 4451 praesulis:
744 4374 822 4439 38.
1582 4374 1605 4406 ²
1636 4378 1741 4424 sit:
1772 4377 1885 4425 add.
1916 4388 1993 4439 39.
2022 4384 2116 4426 etc.
