3293 5225
891 449 1269 498 HEBDoMA
1276 449 1378 497 DA
1417 448 1656 497 PRIMA
1692 448 1801 497 AD
1814 448 2123 502 VENTUS.
2650 458 2714 508 47

300 601 459 683 quia
503 601 745 665 esuriui
791 612 859 665 et
903 601 1181 664 dedistis
1228 602 1389 665 mihi
1435 601 1875 665 manducare:
1921 602 2120 678 sitiui,
2151 612 2217 665 et
2247 601 2525 665 dedistis
2557 600 2718 664 mihi

305 687 570 751 bibere:
644 688 842 751 simul
916 690 1118 752 etiam
1195 689 1386 752 nobis
1462 688 1574 751 illa
1646 709 1784 751 vox
1856 689 2336 771 desyderabilis
2384 691 2720 771 dirigatur.

308 775 500 857 Euge
544 796 733 838 serue
780 777 953 839 bone
999 786 1066 839 et
1112 775 1345 852 fidelis,
1375 776 1532 858 quia
1577 796 1776 858 supra
1807 796 2020 858 pauca
2051 776 2227 840 fuisti
2261 776 2492 853 fidelis,
2522 796 2721 858 supra

310 865 519 925 multa
565 873 631 926 te
677 865 1099 938 constituam,
1130 864 1303 926 intra
1349 866 1413 925 in
1461 864 1781 945 gaudium
1823 863 2077 926 domini
2123 866 2238 929 tui.
2329 864 2464 929 Sed
2497 873 2567 927 vt
2598 863 2720 926 hec

306 969 438 1031 que
482 952 935 1032 suggessimus
989 950 1288 1013 sensibus
1335 961 1548 1012 vestre
1603 950 1945 1012 charitatis
2006 953 2303 1014 tenacius
2359 952 2722 1027 inhereant,

310 1037 593 1101 breuiter
621 1058 754 1120 que
784 1039 965 1101 dicta
994 1049 1151 1101 sunt
1182 1040 1511 1101 iteramus.
1593 1036 1744 1098 Hoc
1776 1038 1954 1099 enim
1980 1039 2451 1102 admonuimus
2476 1039 2727 1114 fratreS,

310 1133 382 1186 vt
426 1127 581 1227 quia
628 1125 867 1189 natalis
912 1125 1167 1188 domini
1213 1125 1532 1200 imminet,
1565 1134 1885 1205 tanquam
1934 1124 2021 1187 ad
2059 1125 2353 1207 nuptiale
2384 1136 2452 1189 et
2483 1126 2727 1189 celeste

312 1215 693 1277 conuiuium
725 1213 811 1276 ab
842 1213 1025 1275 omni
1059 1211 1324 1274 luxuria
1354 1211 1569 1287 alieni,
1593 1223 1662 1273 et
1695 1212 1884 1274 bonis
1915 1212 2227 1294 operibus
2258 1213 2564 1276 adornati
2585 1233 2724 1291 nos,

312 1321 433 1383 per
508 1300 753 1365 Christi
828 1299 1229 1363 adiutorium
1308 1318 1752 1381 preparemuS,
1804 1299 2265 1380 eleemosynas
2325 1302 2728 1383 pauperibus

314 1408 684 1470 erogemuS,
730 1386 1139 1450 iracundiam
1195 1385 1298 1447 vel
1360 1387 1589 1448 odium
1648 1386 1830 1449 velut
1875 1406 2208 1449 venenum
2271 1386 2356 1450 de
2415 1387 2727 1452 cordibus

315 1475 556 1538 nostris
602 1494 1006 1556 respuamus.
1099 1473 1495 1538 Castitatem
1543 1471 1823 1536 fideliter
1865 1485 2270 1548 conseruate,
2304 1475 2390 1537 ad
2423 1476 2730 1539 conuiuia

315 1573 536 1624 vestra
565 1561 975 1642 frequentius
1004 1581 1328 1643 pauperes
1359 1569 1686 1634 reuocate,
1711 1559 1796 1622 ad
1827 1561 2085 1640 vigilias
2117 1564 2439 1625 maturius
2463 1563 2731 1645 surgite,

320 1650 385 1711 in
462 1648 740 1711 ecclesia
813 1657 1066 1710 stantes
1134 1658 1250 1711 aut
1310 1656 1495 1732 orate
1556 1657 1674 1710 aut
1734 1647 2013 1728 psallite,
2072 1648 2274 1712 verba
2334 1650 2556 1712 ociosa
2615 1660 2732 1713 aut

316 1734 637 1798 secularia
678 1755 800 1797 nec
831 1736 955 1816 ipsi
989 1735 1292 1817 proferte,
1322 1747 1389 1797 et
1422 1754 1535 1798 eos
1568 1735 1683 1817 qui
1715 1734 2005 1816 proferre
2032 1736 2361 1799 voluerint
2392 1737 2733 1820 castigate.

322 1824 563 1885 Pacem
610 1843 763 1886 cum
809 1822 1120 1885 omnibus
1166 1821 1511 1897 custodite,
1542 1834 1611 1884 et
1641 1842 1811 1903 quos
1842 1823 2179 1886 discordes
2212 1823 2614 1906 agnoscitis}
2647 1824 2732 1887 ad

315 1909 743 1972 concordiam
835 1919 1160 1999 reuocate.
1283 1909 1428 1971 Hec
1518 1910 1571 1971 si
1663 1908 1943 1972 fideliter
2032 1909 2298 1974 Christo
2371 1913 2735 1977 adiuuante

320 1996 658 2059 volueritis
711 1995 1002 2078 implere,
1042 2007 1110 2060 et
1158 1997 1224 2059 in
1275 1996 1399 2059 hoc
1453 1996 1678 2058 seculo
1708 1995 1794 2058 ad
1826 1997 2035 2059 altare
2065 1996 2471 2060 dominicum
2505 2019 2734 2062 secura

317 2084 724 2147 conscientia
819 2084 1119 2165 poteritis
1213 2082 1545 2158 accedere,
1640 2092 1709 2145 et
1800 2083 1865 2145 in
1943 2083 2164 2147 futuro
2255 2084 2340 2147 ad
2434 2094 2732 2149 eternam

321 2170 805 2233 beatitudinem
861 2170 1136 2233 feliciter
1182 2171 1544 2252 peruenire,
1587 2178 1926 2250 prestante
1974 2170 2250 2234 domino
2304 2183 2532 2236 nostro
2586 2173 2734 2236 Iesu

325 2257 609 2334 Christ0,
644 2258 758 2340 qui
791 2258 953 2320 viuit
983 2269 1051 2320 et
1083 2269 1317 2340 regnat
1352 2258 1415 2319 in
1450 2256 1675 2319 secula
1706 2256 2093 2321 seculorum.
2186 2258 2427 2322 Amen.

906 2400 971 2469 (Ι
1004 2394 1202 2456 Feria
1233 2415 1373 2475 ..my
1403 2415 1482 2456 ex
1507 2391 1735 2457 Isaiai'
1822 2393 2033 2457 Lectio
2064 2395 2142 2475 .j.

412 2507 474 2569 N
520 2506 657 2570 ³die
704 2503 842 2568 illa³
887 2506 1011 2568 erit
1071 2526 1341 2589 germen
1404 2505 1661 2568 domini
1723 2506 1787 2567 in
1850 2505 2344 2586 magnificentia
2526 2520 2595 2573 et
2640 2511 2739 2573 vir

444 2593 626 2671 Iuda,
659 2612 932 2676 germen
963 2592 1384 2657 *delectabile
1415 2594 1600 2656 eius*

936 2737 1001 2806 {1
1039 2729 1405 2794 Secundum
1437 2729 1728 2793 Lucam.⁵
1819 2729 2030 2793 Lectio
2061 2731 2147 2812 ᾔ.

343 2843 708 2972 FActum
783 2853 885 2906 est
945 2853 1169 2943 autem
1231 2843 1297 2904 in
1359 2842 1594 2905 diebus
1656 2841 1782 2904 illis
1842 2842 2012 2923 exijt
2071 2844 2363 2908 edictum
2571 2846 2741 2910 sicut

485 2931 737 2994 dictum
769 2941 870 2994 est
901 2929 987 2992 ad
1019 2929 1185 2993 1110s.

460 3049 525 3118 (Ι
574 3041 860 3124 Sequens
912 3042 1105 3103 tertia
1156 3041 1331 3103 lectio
1382 3040 1650 3103 dicenda
1689 3050 1783 3102 est
1813 3041 1881 3102 in
1912 3042 2208 3105 omnibus
2250 3043 2507 3125 quartis
2534 3046 2743 3127 ferzjs

325 3130 649 3192 aduentus
675 3128 932 3211 quando
963 3149 1088 3190 non
1118 3128 1393 3190 occurrit
1415 3129 1689 3207 festum,
1719 3128 2034 3209 excipitur
2073 3130 2309 3211 vigilia
2351 3132 2744 3243 natiuitatis,

325 3217 395 3278 si
419 3216 724 3279 inci'dertt
752 3216 1025 3295 inferia
1053 3225 1307 3297 quarta.

622 3363 690 3433 (I
725 3356 952 3421 Sermo
981 3357 1195 3419 sancti
1219 3355 1591 3439 Augustini
1615 3356 1925 3438 Episcopi.
2013 3356 2225 3422 Lectio
2257 3360 2466 3425 tertia.

342 3467 1072 3599 APpropinquante†
1118 3469 1248 3531 iam
1311 3468 1758 3530 sacratissima
1800 3468 2203 3533 solennitate
2255 3474 2418 3553 qua⁶
2450 3473 2744 3537 saluator

512 3567 738 3620 noster
799 3559 968 3619 inter
1030 3556 1330 3618 homines
1403 3555 1580 3617 nasci
1659 3556 2167 3620 misericorditer
2225 3559 2452 3633 voluit,
2513 3560 2746 3624 fratres

332 3644 702 3707 charissimi
733 3644 1052 3706 attentius
1083 3641 1496 3705 considerate
1528 3641 1813 3724 qualiter
1842 3652 2149 3726 oporteat
2181 3665 2302 3707 nos
2336 3643 2428 3707 in⁷
2451 3648 2746 3710 aduentu

333 3740 522 3793 tante
584 3731 884 3813 potentie
943 3731 1296 3812 preparari,
1341 3738 1412 3791 vt
1467 3749 1693 3810 regem
1743 3739 1810 3792 et
1859 3730 2208 3794 dominum
2270 3740 2570 3796 nostrum
2634 3735 2745 3798 leti

334 3828 541 3900 atque
586 3817 953 3900 gaudentes
999 3836 1149 3879 cum
1181 3816 1391 3899 gloria
1421 3825 1489 3878 et
1521 3815 1827 3879 laudibus
1882 3837 2253 3881 mereamur
2305 3820 2651 3903 suscipere,
2681 3831 2749 3885 et

338 3906 405 3966 in
467 3915 826 3987 conspectu
901 3905 1042 3967 eius
1119 3904 1286 3967 inter
1359 3912 1543 3965 cetus
1607 3902 1827 3966 felices
1888 3915 2268 3968 sanctorum
2345 3906 2750 3989 gratulando

339 3992 661 4068 exultare,
715 3991 926 4075 magis
986 4010 1189 4073 quam
1252 3990 1338 4052 ab
1398 4009 1478 4051 eo
1541 4000 1811 4071 propter
1869 3990 2215 4055 feditatem
2279 4003 2574 4057 nostram
2652 4017 2748 4059 re-

343 4079 514 4160 pulsi
576 4079 745 4142 inter
791 4088 1168 4161 peccatores
1213 4087 1507 4140 eternam
1556 4076 2014 4140 confusionem
2075 4080 2323 4147 mereri.
2446 4081 2538 4145 Et
2598 4082 2749 4145 ideo

342 4186 507 4247 rogo
571 4176 639 4229 et
713 4185 973 4240 mone0,
1030 4175 1103 4228 vt
1178 4173 1504 4247 quantum
1581 4184 1935 4246 possumus
2012 4186 2163 4229 cum
2240 4166 2345 4229 dei
2420 4167 2752 4232 adiutorio

342 4251 736 4329 laboremu5‚
780 4262 852 4315 vt
899 4253 963 4315 in
1013 4252 1126 4315 illo
1173 4253 1282 4314 die
1329 4271 1481 4314 cum
1528 4271 1808 4333 syncera
1868 4262 1935 4315 et
1995 4273 2160 4334 pura
2220 4254 2624 4323 conscientia
2683 4266 2751 4319 et

439 4386 457 4418 ¹
675 4389 804 4439 etis:
840 4388 918 4451 63.
946 4387 1025 4439 66.
1485 4385 1508 4416 ²
1537 4386 1625 4448 [iv.
1650 4400 1793 4436 2-v,
1823 4389 1897 4450 7.]

438 4451 461 4483 ⁸
578 4454 665 4504 illa
687 4454 805 4504 die:
839 4454 919 4504 60.
946 4454 1025 4504 61.
1496 4450 1604 4488 ⁴·-⁴
1635 4452 1742 4502 eius
1762 4453 2092 4504 delectabilez
2127 4465 2207 4517 43.
2235 4454 2315 4504 60.
2344 4454 2423 4504 61.
2453 4454 2531 4519 63.
2560 4455 2639 4518 64.
2669 4456 2751 4508 66.

441 4517 465 4549 ⁸
495 4536 605 4586 mp.
634 4533 681 4571 2.
710 4521 769 4568 in
792 4537 858 4570 m.
884 4519 957 4581 [ii.
991 4519 1157 4582 1-20.]
1493 4515 1516 4548 ⁸
1545 4534 1639 4568 om.
1669 4517 1748 4582 38.
2207 4518 2393 4585 ⁷:que
2427 4534 2509 4581 41.
