3293 5225
590 420 687 482 364
1337 421 1388 466 S.
1439 419 1700 468 THOMA
1706 418 1749 467 S
1775 417 2110 467 APOSTOL
2120 415 2219 468 US.
2729 417 2902 478 [Dae.
2930 429 3018 467 21.

586 573 980 636 seruientem
1015 572 1190 635 bona
1222 591 1339 634 sua
1386 571 1758 655 dissipasse.
1882 570 2274 634 Paschasius
2327 581 2553 634 autem
2609 590 2761 633 cum
2824 570 3021 633 nulla

589 662 841 723 ratione
919 661 1241 742 potuisset
1304 679 1453 721 eam
1516 679 1556 721 a
1616 679 1772 721 vera
1832 659 2080 740 pietate
2155 658 2242 721 ad
2321 657 2650 721 idolorum
2728 657 3020 735 cultum,

586 757 899 824 auertere,
963 747 1203 823 multiS,
1248 755 1317 809 et
1371 747 1631 826 magnis
1686 747 2034 808 tormentis
2082 746 2462 821 cruciatam,
2527 745 2712 807 iubet
2769 755 3021 827 guttur

586 834 812 914 gladio
844 832 1158 918 transfigi.
1250 832 1386 898 Sed
1434 832 1557 896 hoc
1591 832 1862 896 vulnere
1891 842 2168 915 accepto
2196 833 2385 917 virgo
2417 850 2553 895 non
2585 839 2745 895 ante
2774 833 3020 895 amisit

588 941 840 997 vocem,
901 941 1021 984 nec
1098 921 1400 1003 spiritum
1476 920 1714 996 emisit,
1789 940 1992 1001 quam
2084 919 2403 983 diuinitus
2474 919 2700 1000 aliqua
2776 920 3017 982 sutura

589 1008 972 1090 prediceret,
1044 1018 1112 1070 et
1174 1007 1236 1069 in
1321 1008 1423 1069 his
1504 1007 1782 1070 ecclesie
1859 1007 2405 1088 tranquillitatem
2488 1005 2778 1069 suturam
2852 1018 3016 1089 post

592 1095 990 1158 Maximiani
1021 1105 1088 1158 et
1122 1093 1523 1157 Diocletiani
1555 1104 1859 1176 tempora
1892 1095 1957 1156 in
1990 1093 2231 1175 quibus
2277 1113 2473 1175 passa
2502 1101 2605 1156 est
2646 1090 3017 1174 ¹vigesimo

586 1180 899 1245 calendas
936 1179 1264 1263 Ianuarij.¹
1359 1181 1523 1244 Eius
1568 1191 1793 1243 autem
1834 1201 2073 1263 corpus
2119 1180 2443 1245 Siracusis
2482 1180 2838 1244 conditum
2888 1190 3018 1256 est,

586 1279 652 1331 et
715 1268 917 1351 longo
963 1279 1114 1351 post
1160 1278 1460 1351 tempore
1521 1268 2175 1350 Constantinopolim
2238 1267 2655 1343 translatum,
2714 1276 2784 1330 et
2850 1268 3015 1331 hinc

589 1366 926 1437 postremo
958 1356 1294 1418 Venetias

1140 1547 1205 1617 11
1236 1540 1260 1580 ‘·’
1273 1541 1553 1604 Thomas
1594 1541 1916 1623 apostolus
1937 1541 2173 1622 duplex
2193 1542 2423 1604 maius.

1665 1678 1910 1743 Oratio,

603 1808 802 1938 DA
867 1808 1057 1871 nobis
1133 1827 1496 1890 quesumus
1574 1808 1846 1871 domine
1931 1808 2107 1870 beati
2191 1806 2476 1889 apostoli
2554 1809 2650 1870 tui
2736 1806 3013 1907 Thome

794 1896 1298 1958 solennitatibus
1390 1894 1655 1976 gloriari
1744 1905 1816 1958 vt
1889 1896 2030 1957 eius
2118 1915 2379 1978 semper
2452 1904 2521 1957 et
2611 1896 3014 1978 patrocinijs

585 1982 1021 2133 {ubleuemun
1113 1992 1181 2045 et
1279 1981 1478 2045 fidem
1577 2002 1873 2063 congrua
1964 1983 2321 2045 deuotione
2409 1991 2785 2044 sectemur:
2884 1982 3014 2045 Per

632 2090 951 2133 ominum.

1513 2263 1579 2332 (Ι
1611 2257 1826 2320 Lectio
1855 2258 2064 2321 tertia.

594 2386 992 2516 THomas
1023 2387 1236 2467 quiet
1289 2385 1623 2466 Didymus
1655 2385 2034 2469 appellatur
2079 2388 2351 2449 natione
2398 2386 2698 2450 Galileus
2747 2386 2876 2450 fuit
2922 2387 3013 2450 de

771 2493 1047 2536 numero
1078 2473 1429 2536 duodecim
1481 2477 1957 2555 apostolorum.
2053 2474 2231 2536 Huic
2262 2473 2580 2537 christum
2628 2494 2671 2536 a
2718 2475 3013 2537 mortuis

589 2560 951 2624 surrexisse
1011 2559 1361 2638 dubitanti,
1411 2580 1530 2623 nec
1576 2561 1812 2624 ceteris
1865 2562 2185 2643 apostolis
2232 2560 2473 2643 quibus
2525 2561 2673 2644 ipso
2720 2560 3012 2626 absente

587 2658 1001 2730 apparuerat,
1061 2668 1213 2711 eum
1276 2649 1638 2710 surrexisse
1699 2647 2265 2725 confirmantibuS,
2322 2649 2633 2723 credenti,
2696 2647 3013 2712 Christus

589 2736 730 2817 ipse
789 2735 1209 2800 tractandum
1273 2755 1343 2797 se
1405 2734 1684 2816 prebuit.
1810 2736 2153 2819 ingressus
2210 2736 2389 2798 enim
2443 2735 2693 2798 foribus
2758 2735 3011 2799 clausis

589 2822 740 2886 huic
816 2822 1110 2905 professo
1184 2842 1254 2884 se
1329 2841 1462 2884 non
1539 2822 1961 2898 crediturum,
2035 2824 2160 2886 nisi
2234 2822 2518 2905 digitum
2597 2823 2663 2885 in
2725 2822 3013 2887 vulnera

588 2910 925 2972 clauorum
987 2919 1055 2972 et
1116 2929 1388 2971 manum
1437 2911 1502 2971 in
1551 2910 1779 2973 lancee
1839 2909 2107 2992 plagam
2170 2910 2561 2984 inseruisset,
2624 2910 2691 2971 in
2778 2910 3010 2973 medio

587 2996 1040 3079 apostolorum
1072 2997 1459 3072 consistenS,
1503 2996 1714 3059 dixit:
1765 2996 1943 3059 Inser
1986 3001 2115 3059 huc
2161 2996 2444 3079 digitum
2478 3006 2687 3072 tuum,
2730 3006 2800 3059 et
2845 2997 3009 3061 vide

590 3104 827 3146 manus
873 3103 1055 3146 meas
1100 3093 1168 3146 et
1213 3082 1376 3146 affer
1422 3103 1694 3146 manum
1743 3094 1948 3160 tuam,
2005 3097 2073 3147 et
2135 3085 2326 3147 mitte
2387 3084 2452 3146 in
2516 3082 2689 3145 latus
2749 3104 3006 3159 meum,

590 3170 856 3251 nolique
887 3168 1262 3233 incredulus
1291 3190 1451 3233 esse.
1544 3169 1701 3252 Quo
1733 3170 1909 3233 facto
1955 3171 2363 3253 respondens
2395 3170 2695 3234 Thomas
2723 3193 2737 3232 ε
2787 3170 2897 3233 Τυ
2931 3192 3006 3234 es

588 3257 862 3338 (inquit)
892 3258 1203 3320 dominus
1238 3277 1424 3320 meus
1453 3266 1522 3319 et
1575 3257 1740 3320 deus
1795 3278 1997 3320 meus
2117 3258 2353 3339 Itaque
2407 3277 2527 3320 sua
2574 3256 3005 3321 dubitatione

590 3364 907 3426 magnum
943 3343 1312 3407 indubitate
1343 3343 1496 3407 fidei
1528 3346 1983 3407 testimonium
2032 3346 2312 3427 posteris
2343 3344 2687 3407 credituris
2716 3345 3007 3426 reliquit.

593 3429 781 3513 Quos
841 3429 1073 3494 beatos
1121 3430 1259 3494 sore
1314 3442 1471 3494 tunc
1524 3431 1828 3495 Christus
1875 3441 2158 3495 testatus
2187 3441 2290 3495 est
2337 3432 2442 3495 his
2494 3430 2750 3494 verbis:
2817 3431 3007 3514 Quia

589 3517 809 3580 vidisti
837 3539 943 3581 me
967 3518 1198 3581 thoma
1223 3518 1574 3591 credidisti,
1602 3517 1778 3581 beati
1803 3520 1916 3600 qui
1949 3538 2082 3581 non
2115 3519 2441 3595 viderunt,
2458 3526 2527 3581 et
2555 3518 3005 3584 crediderunt.

593 3606 750 3668 Post
801 3605 1045 3668 Christi
1097 3626 1253 3668 vero
1313 3605 1400 3668 ad
1462 3615 1718 3688 patrem
1781 3627 2148 3682 ascensum,
2202 3605 2502 3669 Thomas
2562 3606 2849 3668 multum
2918 3607 3006 3671 de

591 3692 967 3757 Christiana
1028 3694 1275 3775 pietate
1324 3694 1611 3767 meritus,
1660 3713 1862 3775 quam
1911 3695 1976 3755 in
2033 3693 2288 3770 Medos,
2341 3693 2589 3768 Persas,
2646 3692 3008 3772 Hircanos,

589 3779 1056 3856 BrachmanaS,
1084 3789 1153 3842 et
1203 3779 1520 3842 Indorum
1568 3789 1859 3863 gentem,
1903 3780 2100 3862 longe
2156 3781 2420 3861 lateque
2473 3782 2896 3862 propagauit,
2940 3782 3009 3845 in

588 3868 843 3929 interna
889 3868 1186 3948 gentium
1237 3867 1685 3949 predicatione
1730 3867 2005 3943 delatuS,
2038 3867 2263 3929 multis
2307 3867 2502 3930 editis
2533 3868 2870 3930 miraculis
2921 3870 3012 3933 ab

585 3955 697 4029 eiS,
729 3954 841 4034 qui
874 3954 1088 4016 lucem
1124 3955 1415 4016 veritatis
1449 3953 1703 4017 infense
1734 3954 2032 4029 oderant,
2064 3955 2349 4036 primum
2401 3964 2501 4016 est
2554 3953 3013 4019 candentibus

586 4040 848 4103 laminis
881 4040 1174 4117 adustuS,
1206 4040 1446 4103 deinde
1501 4040 1595 4103 in3
1627 4040 1961 4104 fornacem
2013 4042 2308 4117 iniectuS,
2357 4050 2694 4123 postremo
2751 4039 3016 4107 lanceis

587 4127 949 4204 confossuS,
1022 4126 1332 4190 occubuit
1428 4130 1490 4190 in
1574 4128 1765 4191 Indie
1857 4129 2015 4191 vrbe
2113 4126 2533 4204 Calaminia,‘⁴
2613 4127 3019 4213 ibidemque

583 4214 881 4296 sepultus
910 4223 1013 4277 est
1043 4213 1175 4295 .xij.
1208 4214 1518 4277 calendas
1560 4214 1861 4297 lanuarij.

683 4424 698 4453 ¹
705 4423 784 4461 —1
824 4424 987 4476 idibus
1013 4426 1342 4476 Decembris:
1382 4440 1458 4489 39.
1490 4440 1566 4487 41.
1597 4440 1676 4490 43.
1695 4440 1788 4519 49.
1815 4426 1894 4475 60.
1923 4426 2002 4475 61.
2032 4425 2111 4490 63.
2140 4425 2218 4486 64.

680 4488 702 4519 ²
735 4492 838 4539 Dic
863 4504 939 4540 21.
969 4491 1173 4556 ,praefi
1204 4491 1281 4555 38.
1748 4491 1849 4541 ad·
1885 4505 1963 4554 43.
2447 4489 2468 4519 ⁴
2502 4489 2803 4541 Calamina:
2847 4492 2935 4557 38.
