3293 5225
599 437 695 489 392
1275 425 1646 477 OFFICIUM
1669 426 1822 476 ΒΕΑ
1835 427 1886 476 Τ
1878 426 1984 475 ΑΕ
2017 425 2338 476 MARIAE.

602 599 775 662 pone
822 579 1186 642 carnalium
1246 578 1749 662 cogitationum,
1797 580 1852 642 si
1903 578 2218 643 accedere
2268 579 2723 663 concupiscis.
2828 575 3061 642 Vado¹

603 667 872 748 (inquit)
915 675 984 730 et
1026 665 1270 729 videbo
1298 667 1620 730 visionem
1654 666 1827 730 hanc
1859 687 2194 750 magnam.
2287 667 2545 750 Magna
2595 666 2824 748 plane
2871 666 3063 740 visio,

599 753 800 817 rubus
846 752 1086 817 ardens
1138 754 1279 816 sine
1326 754 1786 817 combustione
1834 774 2154 835 magnum
2202 754 2506 835 signum:
2552 753 2821 816 mulier
2871 753 3062 816 illesa

600 860 878 904 manens
925 841 1170 904 amicta
1229 839 1383 904 sole.
1476 841 1631 904 Non
1692 851 1794 904 est
1853 841 1997 904 rubi
2059 851 2293 904 natura
2351 850 2669 923 opertum
2742 841 3060 922 vndique

599 926 905 1005 flammiS,
988 948 1256 991 manere
1346 926 1777 991 nihilominus
1867 927 2402 991 incombustum:
2492 948 2634 990 non
2740 928 3058 990 mulieris

599 1016 898 1097 potentia
942 1025 1015 1077 vt
1059 1016 1381 1078 sustineat
1425 1014 1582 1077 solis
1612 1016 1949 1078 amictum.
2043 1014 2197 1077 Non
2229 1024 2332 1078 est
2374 1016 2643 1078 virtutis
2689 1013 3056 1078 humane:

597 1100 715 1164 sed
777 1122 897 1165 nec
957 1101 1256 1185 angelice
1315 1100 1627 1183 quidem:
1703 1101 2047 1165 sublimior
2104 1101 2391 1183 quedam
2455 1104 2863 1165 necessaria
2937 1113 3053 1165 est.

599 1187 886 1271 Spiritus
975 1199 1242 1252 sanctus
1331 1188 1604 1270 (inquit)
1681 1190 2102 1272 superueniet
2178 1189 2242 1250 in
2321 1199 2401 1251 te.
2526 1189 2622 1251 Et
2694 1199 3051 1271 tanquam

601 1276 999 1358 respondeat
1031 1274 1157 1339 illa.
1250 1274 1587 1357 Quoniam
1621 1277 1890 1358 spiritus
1920 1285 2022 1338 est
2052 1275 2216 1339 deus
2242 1299 2255 1338 :
2286 1285 2354 1339 et
2384 1275 2550 1339 deus
2583 1287 2842 1339 noster
2877 1279 3057 1359 ignis

597 1383 996 1426 consumens
1042 1372 1158 1426 est.
1249 1362 1482 1426 Virtus
1535 1363 1686 1444 (ait)
1735 1383 1868 1425 non
1924 1383 2092 1438 mea,
2140 1383 2274 1425 non
2325 1373 2473 1425 tua:
2535 1362 2659 1425 sed
2718 1364 3054 1426 altissimi

597 1449 1024 1513 obumbrabit
1073 1449 1210 1513 tibi.
1303 1449 1485 1513 Nihil
1539 1451 1764 1531 itaque
1819 1450 2057 1512 mirum
2110 1451 2161 1511 si
2195 1449 2320 1512 sub
2351 1449 2464 1512 tali
2513 1450 3042 1514 obumbraculo

598 1536 748 1599 talis
777 1538 980 1600 etiam
1014 1557 1053 1598 a
1086 1535 1359 1600 muliere
1390 1539 1791 1599 sustineatur
1820 1537 2119 1600 amictus,

1015 1665 1083 1736 ΙΙ
1127 1660 1212 1723 ln
1246 1681 1457 1723 mense
1489 1659 1855 1722 Nouembri
1881 1681 2076 1742 vsque
2103 1660 2200 1722 ad
2220 1660 2593 1724 aduentum.

1291 1760 1403 1842 ‚ig'yl
1447 1760 1624 1822 lectio
1653 1780 1733 1822 ex
1756 1760 1967 1822 eodem
1998 1780 2298 1822 sermone.

611 1858 882 1990 Mlhi
938 1879 1095 1922 sane
1144 1858 1492 1942 singularis
1545 1858 1769 1923 rutilat
1816 1859 2070 1941 fulgor:
2117 1860 2332 1941 primo
2375 1858 2653 1940 quidem
2707 1861 2787 1924 in
2834 1863 3061 1926 Marie

804 1947 1269 2031 generatione:
1344 1946 1637 2009 secundo
1713 1948 1776 2008 in
1854 1947 2154 2027 angelica
2228 1946 2649 2009 visitatione:
2715 1953 2946 2014 tertio
2996 1953 3059 2013 in

598 2036 865 2118 spiritus
895 2034 1441 2117 superuentione:
1472 2042 1709 2115 quarta
1742 2034 1807 2096 in
1843 2032 1955 2114 filij
1980 2033 2087 2096 dei
2114 2032 2529 2095 inenarrabili
2557 2040 3061 2118 conceptione.

603 2123 714 2186 Sic
775 2131 842 2185 et
905 2121 970 2183 in
1032 2121 1135 2184 his
1194 2140 1460 2202 quoque
1521 2120 1850 2183 sidereum
1913 2120 2111 2202 plane
2173 2119 2441 2182 irradiat
2514 2119 2774 2184 decus:
2864 2125 3057 2206 quod

600 2209 996 2290 virginitatis
1048 2209 1458 2290 primiceria:
1525 2207 1706 2289 quod
1769 2208 1911 2270 sine
1970 2208 2391 2289 corruptione
2454 2206 2801 2272 fecunda:
2863 2211 3057 2292 quod

601 2298 743 2358 sine
775 2297 1163 2378 grauamine
1195 2293 1471 2378 grauida
1503 2294 1684 2376 quod
1717 2295 1858 2357 sine
1879 2294 2105 2357 dolore
2127 2314 2463 2377 puerpera.
2537 2294 3057 2371 ,Nihilominus

598 2384 801 2446 etiam
854 2383 1120 2464 speciali
1173 2381 1466 2464 quodam
1522 2380 1873 2469 splendore
1929 2383 1994 2443 in
2046 2381 2259 2444 Maria
2291 2392 2679 2445 corruscant
2712 2404 3054 2449 mansue·

601 2469 765 2533 tudo
815 2469 1102 2552 pudoris,
1149 2468 1419 2531 deuotio
1455 2459 1912 2531 'humilitatisz
1989 2469 2505 2550 magnanimitas
2565 2469 3057 2535 credulitatis:

599 2558 987 2639 martyrium
1079 2555 1312 2620 cordis,
1445 2555 1685 2619 Vestre
1760 2554 2030 2637 quidem
2108 2554 2477 2619 sedulitatis
2551 2557 2679 2620 erit
2760 2559 3052 2643 singula

595 2666 856 2727 queque
902 2645 1284 2726 diligentius
1332 2644 1585 2707 intueri.
1679 2643 1822 2705 Nos
1868 2643 2128 2705 interim
2185 2643 2577 2706 satisfecisse
2621 2643 3052 2722 videbimur,

598 2735 650 2794 si
713 2732 998 2795 breuiter
1058 2730 1163 2795 ea2
1207 2728 1643 2814 potuerimus³
1679 2730 2150 2793 demonstrare.
2242 2729 2442 2812 Quod
2489 2751 2651 2814 ergo
2684 2732 3047 2797 sidereum

601 2820 804 2882 micat
859 2820 923 2881 in
978 2819 1405 2899 generatione
1457 2817 1716 2880 Marie?
1766 2816 1969 2880 Plane
2001 2816 2181 2899 quod
2214 2837 2303 2880 ex
2338 2818 2603 2898 regibus
2631 2827 2810 2895 orta,
2846 2822 3045 2902 quod

598 2928 687 2970 ex
735 2907 986 2968 semine
1035 2904 1322 2980 Abrahe,
1368 2904 1548 2986 quod
1595 2924 1917 2985 generosa
1947 2925 2035 2967 ex
2068 2905 2271 2987 stirpe
2315 2905 2558 2980 Dauid,
2589 2906 2640 2966 si
2677 2905 2746 2968 id
2785 2928 3044 2988 parum

600 2993 895 3056 videtur:
962 2991 1135 3054 adde
1188 2990 1368 3073 quod
1422 2992 1833 3074 generationi
1898 2990 1987 3053 illi
2048 2990 2136 3054 ob
2197 2990 2528 3074 singulare
2591 2993 3042 3075 priuilegium

602 3079 988 3155 sanctitatiS,
1040 3078 1359 3141 diuinitus
1411 3080 1705 3141 noscitur
1756 3098 1899 3140 esse
1959 3098 2312 3141 concessa:
2357 3078 2537 3160 quod
2600 3079 2808 3160 longe
2874 3094 3046 3145 ante

601 3167 850 3230 eisdem
915 3166 1212 3248 patribus
1271 3164 1503 3228 celitus
1563 3166 1997 3247 repromissa:
2043 3165 2223 3246 quod
2272 3167 2568 3246 mysticis
2613 3165 3042 3249 prefigurata

605 3253 975 3316 miraculis:
1078 3251 1259 3333 quod
1363 3251 1643 3315 oraculis
1733 3252 2168 3334 prenunciata
2257 3252 2676 3335 propheticis,
2824 3255 3039 3318 Hanc

603 3342 780 3404 enim
831 3338 1254 3402 sacerdotalis
1302 3339 1487 3420 virga
1535 3339 1695 3401 dum
1744 3340 1885 3401 sine
1918 3339 2136 3402 radice
2170 3339 2427 3402 floruit:
2471 3339 2643 3402 hanc
2677 3338 3039 3405 Gedeonis

603 3428 813 3491 vellus
872 3426 1031 3488 dum
1095 3427 1160 3487 in
1223 3425 1446 3488 medio
1505 3427 1676 3489 sicce
1736 3446 1885 3489 aree
1946 3426 2244 3489 maduit:
2303 3426 2475 3489 hanc
2523 3427 2588 3489 in
2646 3426 3036 3492 Ezechielis

603 3516 855 3577 visione
916 3511 1251 3576 orientalis
1323 3522 1643 3595 portaque
1706 3513 1864 3575 nulli
1926 3533 2220 3594 vnquam
2298 3515 2515 3595 patuit
2573 3516 3036 3596 presignabat.

611 3601 808 3664 Hanc
857 3600 1144 3681 denique
1191 3620 1305 3681 pre
1357 3601 1590 3662 ceteris
1649 3600 1854 3661 Isaias
1907 3620 2081 3662 nunc
2135 3602 2389 3684 virgam
2437 3600 2522 3663 de
2568 3599 2788 3664 radice
2848 3602 3035 3666 Iesse

604 3689 921 3751 orituram
998 3686 1428 3769 promittebat
1504 3707 1679 3749 nunc
1755 3686 2129 3749 euidentius
2216 3689 2540 3771 virginem
2634 3689 3031 3769 parituram.

611 3776 853 3838 Merito
899 3775 1161 3856 signum
1209 3772 1335 3835 hoc
1383 3793 1703 3856 magnum
1739 3774 1804 3835 in
1837 3773 1980 3836 celo
2012 3776 2397 3857 apparuisse
2443 3774 2787 3837 scribitur:
2836 3777 3026 3857 quod

605 3872 796 3925 tanto
849 3871 1004 3924 ante
1058 3860 1142 3923 de
1191 3859 1333 3923 celo
1387 3861 1680 3923 noscitur
1724 3859 1921 3923 fuisse
1969 3862 2383 3943 promissum.
2477 3861 2817 3925 Dominus
2866 3865 3030 3944 (ait)

607 3951 748 4033 ipse
808 3948 994 4011 dabit
1052 3948 1242 4010 vobis
1301 3948 1584 4028 signum.
1705 3947 1881 4010 Ecce
1955 3950 2143 4030 virgo
2218 3949 2563 4032 concipiet.
2689 3949 3027 4035 Magnum

607 4035 903 4120 profecto
935 4036 1197 4117 signum
1231 4033 1455 4097 dedit:
1501 4034 1657 4115 quia
1688 4044 1756 4097 et
1788 4055 2072 4117 magnus
2104 4037 2244 4118 ipse
2276 4036 2388 4117 qui
2422 4035 2624 4100 dedit.

1540 4151 1608 4222 Π
1652 4145 1739 4208 4A
1750 4146 1803 4207 d
1823 4146 2061 4211 laudes.

733 4245 1131 4327 Antz‘plzona.
1202 4245 1410 4308 Beata
1441 4245 1546 4308 dei
1580 4246 1870 4327 genitrix
1905 4247 2112 4309 maria
2135 4247 2322 4328 virgo
2346 4255 2669 4329 perpetua
2693 4250 3028 4333 templum

605 4334 876 4408 domini,
918 4333 1270 4396 sacrarium
1334 4334 1599 4414 spiritus
1659 4334 1869 4395 sancti
1932 4332 2071 4396 sola
2132 4335 2273 4396 sine
2333 4333 2655 4416 exemplo
2717 4336 3029 4420 placuisti

700 4443 716 4475 ¹
751 4443 982 4519 Vadam:
1020 4455 1096 4506 39.
1126 4456 1204 4503 41.
1235 4442 1314 4505 63.
1910 4440 1934 4472 ²
1967 4460 2059 4508 pro
2082 4443 2346 4495 omnibus:
2380 4445 2495 4494 add.
2537 4457 2616 4508 39.

698 4508 720 4541 ⁸
753 4519 1057 4575 poterimus:
1095 4507 1171 4571 38.
1908 4507 2015 4543 ⁴-⁴
2047 4526 2140 4559 om.
2170 4509 2250 4559 60.
