3293 5225
502 424 567 476 88
1003 424 1386 476 DOMINICA
1442 424 1683 474 PRIMA
1747 424 2420 487 QUADRAGESIMAE.

1051 660 1119 731 ΙΙ
1160 652 1385 718 Tertia
1411 650 1612 718 lectio¹
1641 654 1988 718 secundum
2018 653 2112 716 M
2105 650 2375 718 arcum.⁵¹

518 779 651 908 IN
688 779 802 882 illo
846 788 1189 881 ternpore:
1237 778 1411 879 Cum
1459 798 1605 842 sero
1650 787 1826 842 esset
1872 777 2120 879 (actum
2152 788 2295 843 erat
2341 778 2533 842 nauis
2577 776 2643 840 in
2693 776 2915 840 medio

616 886 781 931 man
809 889 824 931 :
854 877 924 932 et
954 886 1096 951 ipse
1126 865 1307 930 solus
1339 885 1404 928 1n
1436 874 1630 943 terra,
1662 864 1756 929 Et
1786 865 2054 948 reliqua.

1229 1034 1297 1105 ΙΙ
1326 1027 1631 1092 Homilia
1658 1027 1834 1092 Bede
1844 1028 2220 1112 presbyteri.

649 1154 710 1219 T
755 1175 906 1220 cum
956 1153 1314 1219 dimisisset
1357 1173 1517 1217 eos:
1563 1151 1732 1236 abijt
1776 1153 1842 1216 in
1891 1164 2188 1218 montem
2237 1154 2418 1218 solus
2461 1172 2666 1218 orare.
2759 1153 2914 1218 Non

676 1244 895 1306 omnis
926 1241 1039 1325 qui
1086 1250 1231 1305 orat
1261 1239 1562 1304 ascendit
1609 1241 1676 1303 in
1724 1250 2043 1305 montem.
2134 1241 2259 1304 Est
2303 1241 2481 1305 enim
2528 1241 2745 1305 oratio
2787 1261 2919 1324 que

509 1338 856 1413 peccatum
905 1330 1081 1393 facit.
1172 1327 1307 1392 Sed
1356 1327 1527 1391 bene
1557 1335 1705 1391 orat
1750 1328 1864 1410 qui
1909 1329 2110 1392 deum
2157 1327 2415 1393 orando
2459 1329 2693 1411 querit,
2724 1328 2829 1392 hic
2876 1348 2917 1391 a

508 1416 786 1481 terrenis
860 1416 947 1480 ad
1008 1417 1347 1499 superiora
1409 1414 1842 1497 progrediens
1903 1416 2215 1479 verticem
2278 1415 2456 1479 curie
2515 1415 2918 1479 sublimioris

506 1503 826 1568 ascendit.
919 1502 1052 1586 Qui
1084 1523 1242 1565 vero
1271 1502 1358 1565 de
1388 1501 1643 1583 diuitijs
1689 1512 1806 1566 aut
1851 1501 1939 1566 de
1984 1502 2237 1565 honore
2284 1502 2526 1566 seculi:
2573 1512 2690 1566 aut
2736 1511 2914 1566 certe

506 1591 592 1655 de
624 1591 871 1654 inimici
906 1598 1118 1653 morte
1165 1588 1462 1653 solicitus
1506 1589 1811 1653 obsecrat
1859 1590 1999 1672 ipse
2044 1590 2111 1652 in
2159 1588 2403 1653 infimis
2450 1589 2711 1654 iacens:
2756 1590 2918 1653 viles

506 1676 593 1741 ad
654 1676 854 1741 deum
917 1697 1144 1759 preces
1206 1677 1433 1742 mittit.
1495 1675 1665 1740 Orat
1724 1686 1948 1741 autem
2011 1677 2322 1740 dominus
2382 1697 2514 1740 non
2563 1686 2636 1740 vt
2681 1697 2803 1760 pro
2849 1696 2920 1740 se

506 1765 846 1830 obsecret:
878 1763 995 1828 sed
1018 1773 1092 1827 vt
1125 1784 1247 1847 pro
1279 1783 1386 1826 me
1416 1764 1730 1846 impetret
1764 1764 1942 1827 Nam
1974 1772 2042 1827 et
2074 1764 2127 1825 si
2152 1764 2379 1827 omnia
2405 1764 2700 1847 posuerit
2730 1772 2921 1847 pater

508 1853 574 1914 in
638 1862 971 1936 potestate
1017 1849 1178 1931 filij:
1226 1850 1396 1913 filius
1455 1860 1682 1914 tamen
1744 1859 1818 1914 vt
1878 1851 2160 1914 sormam
2222 1851 2511 1914 hominis
2572 1851 2916 1934 impleret:

507 1937 988 2003 obsecrandus⁸
1011 1950 1271 2021 patrem
1305 1945 1501 2020 putat
1531 1957 1678 2001 esse
1711 1957 1831 2020 pro
1863 1937 2074 2014 nobis»,
2105 1938 2263 2019 quia
2295 1948 2519 2002 noster
2551 1938 2920 2002 aduocatus

506 2035 625 2091 est.
702 2025 1134 2090 Aduocatum
1170 2024 1447 2106 (inquit)
1478 2023 1805 2088 habemus
1824 2027 2004 2107 apud
2031 2036 2289 2108 patrem
2310 2025 2658 2089 dominum
2692 2026 2913 2088 Iesum

396 2167 404 2174 .
507 2112 865 2178 Christum.
978 2112 1052 2177 Si
1111 2111 1481 2175 aduocatus
1556 2120 1700 2175 est:
1761 2110 1962 2175 debet
2023 2133 2143 2195 pro
2219 2113 2461 2176 nostris
2523 2113 2922 2176 interuenire

507 2201 816 2283 peccatis.
929 2199 1083 2262 Non
1143 2218 1306 2280 ergo
1365 2198 1553 2279 quasi
1599 2196 1935 2262 infirmus:
1998 2198 2117 2262 sed
2162 2199 2353 2281 quasi
2399 2200 2548 2283 pius
2600 2198 2921 2264 obsecrat.

507 2287 631 2350 Vis
662 2288 828 2350 scire
858 2285 1040 2369 quod
1086 2287 1313 2349 omnia
1345 2306 1475 2368 que
1497 2285 1656 2349 velit
1690 2286 1900 2368 possit
1929 2295 1998 2349 et
2027 2287 2395 2350 aduocatus
2428 2296 2496 2349 et
2527 2285 2733 2349 iudex
2766 2297 2867 2350 est
2890 2292 2918 2350 ?

512 2374 588 2438 In
624 2373 833 2438 altero
877 2374 1147 2456 pietatis
1176 2372 1507 2436 officium:
1553 2372 1619 2435 in
1668 2372 1880 2436 altero
1927 2374 2184 2456 insigne
2228 2383 2329 2437 est
2376 2374 2741 2456 potestatis,
2834 2373 2927 2437 Et

504 2480 656 2524 cum
690 2482 837 2525 sero
878 2470 1052 2525 esset
1099 2459 1389 2524 factum:
1434 2468 1578 2523 erat
1624 2461 1812 2523 nauis
1846 2461 1910 2523 in
1946 2460 2167 2523 medio
2199 2461 2402 2524 mari:
2449 2469 2516 2524 et
2549 2460 2691 2543 ipse
2737 2460 2916 2523 solus

509 2548 576 2611 in
624 2557 798 2612 terra
828 2547 1063 2612 videns
1109 2568 1223 2611 eos
1270 2545 1653 2610 laborantes
1684 2548 1749 2610 in
1798 2548 2230 2632 remigando:
2276 2559 2418 2611 erat
2462 2549 2640 2610 enim
2688 2557 2927 2611 ventus

508 2637 875 2700 contrarius
906 2636 1017 2700 eis,
1110 2634 1336 2698 Labor
1363 2634 1840 2716 discipulorum
1874 2636 1940 2698 in
1977 2636 2406 2718 remigando:
2454 2644 2523 2698 et
2553 2636 2921 2699 contrarius

509 2724 603 2787 eis
662 2733 900 2787 ventus
960 2722 1220 2786 labores
1251 2732 1483 2785 sancte
1541 2721 1817 2809 ecclesie
1862 2723 2079 2785 varios
2139 2723 2515 2806 designant,
2558 2742 2691 2805 que
2752 2722 2923 2786 inter

509 2810 725 2874 vndas
768 2810 971 2874 seculi
1032 2809 1452 2872 aduersantis
1497 2809 1593 2872 et⁴
1637 2811 2133 2873 immundorum
2183 2808 2380 2874 flatus
2426 2811 2780 2890 spirituum
2836 2809 2923 2872 ad

512 2898 803 2979 quietem
854 2896 1093 3020 patriess
1111 2896 1411 2960 celestis:
1458 2897 1650 2977 quasi
1696 2896 1783 2959 ad
1832 2894 2063 2959 fidam⁵
2096 2897 2331 2961 littoris
2378 2897 2736 2961 stationem
2784 2917 2928 2979 per-

514 2986 739 3047 uenire
768 2994 1064 3047 conatur.

1604 3119 1852 3186 Orati0.

521 3237 879 3368 ADesto
923 3236 1197 3300 domine
1243 3234 1842 3318 supplicationibus
1889 3234 2171 3298 nostris:
2219 3243 2286 3297 et
2332 3235 2640 3313 concede,
2687 3245 2760 3300 vt
2803 3235 2929 3300 hoc

705 3323 979 3388 solenne
1024 3322 1342 3387 ieiunium
1390 3322 1572 3404 quod
1620 3322 1975 3386 animabus
2030 3321 2550 3404 corporibusque
2608 3324 2924 3391 curandis

515 3411 863 3475 salubriter
939 3410 1314 3474 institutum
1390 3418 1492 3472 est
1567 3408 1819 3472 deuoto
1892 3410 2164 3472 seruitio
2239 3409 2665 3474 celebremus.
2804 3410 2929 3472 Per

515 3497 862 3563 dominum
895 3505 1212 3561 nostrum.

647 3616 715 3686 {I
744 3610 805 3673 A
818 3609 855 3672 b
883 3609 998 3673 hoc
1023 3610 1284 3673 sabbato
1329 3608 1643 3673 inclusiue
1673 3629 1870 3690 vsque
1914 3610 2012 3671 ad
2034 3608 2283 3690 pascha
2330 3619 2579 3687 vespere
2621 3610 2936 3674 dt'cunmr

518 3707 670 3761 ante
697 3718 917 3761 cenam
950 3696 1380 3759 meridianam
1416 3696 1485 3758 in
1530 3695 1829 3759 amnibus
1859 3696 2082 3759 diebus
2109 3697 2306 3759 etiam
2335 3697 2627 3778 festinis,
2658 3697 2926 3779 exceptis

521 3784 861 3849 domim'ctls·
891 3784 960 3846 in
991 3783 1225 3865 quibus
1253 3783 1566 3846 dicuntur
1589 3780 1752 3846 hora
1780 3793 2091 3848 consueta.

626 3956 694 4027 ΙΙ
725 3950 1075 4015 Dominica
1094 3949 1323 4031 prima
1352 3949 1863 4032 quadragesime,
1893 3970 1975 4012 ex
2006 3947 2280 4014 Genesi.⁷
2366 3949 2580 4013 Lectio
2595 3950 2843 4032 prima.

538 4064 801 4193 ERat
831 4074 1056 4126 autem
1087 4071 1263 4126 terra
1294 4060 1449 4143 labij
1484 4062 1676 4125 vnius
1823 4072 1891 4126 et
1922 4062 2153 4145 genuit
2187 4061 2356 4124 filios
2387 4074 2456 4125 et
2487 4062 2674 4127 filias,

620 4285 643 4382 ἒ
674 4285 1071 4402 &gazara
1109 4362 1187 4414 ³9.
1827 4283 1852 4381 ἲ
1879 4286 2240 4400 §mmm
2273 4300 2354 4348 ⁴⁴·

621 4415 643 4447 ⁸
675 4417 859 4467 fidem:
896 4429 974 4480 39.
1002 4416 1083 4466 66.
1826 4412 1849 4446 ⁶
1883 4417 2136 4467 Miserere.
2168 4427 2244 4480 50.
2271 4418 2384 4466 add.
2412 4418 2492 4480 63.

620 4480 643 4516 ⁷
674 4482 764 4534 ca.
798 4495 872 4534 11.
900 4484 960 4531 in
982 4499 1048 4531 m.
1077 4481 1163 4543 [xi.
1199 4483 1366 4546 1-15.]
