3293 5225
289 493 577 554 Auo.14.]
1070 492 1363 541 OCTAVA
1406 492 1459 541 s.
1505 491 1951 543 LAURENTJJ.
2610 506 2704 559 31⁷

299 646 713 711 Eucharistie
767 643 1266 709 continebatur:
1311 644 1421 708 vbi
1482 644 1656 707 hanc
1705 665 1856 708 curn
1919 644 2276 728 lachrymis
2337 648 2702 711 orationem

294 734 569 798 effudit:
619 733 723 796 Ne
783 732 1006 795 tradas
1055 732 1325 795 domine
1378 731 1606 813 bestijs
1668 733 1925 795 animas
1984 733 2378 798 confitentes
2440 735 2578 809 tibi,
2638 743 2707 798 et

289 821 558 884 custodi
609 820 895 883 famulas
944 828 1111 896 tuaS,
1159 839 1326 900 quas
1389 821 1687 901 precioso
1748 820 2073 901 sanguine
2134 823 2488 885 redemisti.
2580 821 2705 886 Cui

294 929 435 972 vox
485 907 571 970 de
623 907 766 969 celo
816 906 1076 969 reddita
1129 915 1263 969 est:
1312 906 1463 987 Ego
1507 926 1626 968 vos
1674 926 1938 988 semper
1981 909 2372 972 custodiam.
2468 910 2706 991 Itaque

300 995 614 1061 Saraceni
667 994 889 1057 subito
942 1003 1188 1057 terrore
1234 995 1526 1075 quodam
1561 992 1840 1076 perculsi
1874 994 2290 1057 obsidionem
2323 995 2610 1072 soluunt,
2641 1006 2710 1060 et

291 1083 410 1164 qui
476 1101 699 1144 muros
759 1080 1212 1155 ascenderant,
1274 1081 1552 1144 cecitate
1614 1080 1896 1162 perculsi
1958 1081 2363 1145 deciderunt.
2501 1083 2708 1146 Paulo

299 1191 458 1233 vero
509 1178 660 1252 post
711 1168 945 1231 morbo
995 1170 1494 1249 ingrauescente
1547 1166 1779 1230 decem
1842 1178 1909 1231 et
1958 1179 2215 1250 septem
2264 1169 2515 1245 diebuS,
2564 1173 2708 1233 sine

298 1257 433 1319 vllo
487 1256 635 1319 cibo
685 1256 969 1337 peractis
1024 1255 1337 1336 migrauit
1389 1254 1473 1316 ad
1529 1254 1876 1316 dominum
1929 1254 2141 1336 pridie
2202 1256 2350 1319 idus
2399 1258 2709 1339 Augusti,

295 1355 602 1425 tempore
703 1342 1069 1423 Innocentij
1164 1342 1401 1423 quarti.
1550 1341 1684 1423 Qui
1779 1352 2196 1424 egrotantem
2307 1344 2548 1421 inuisit,
2640 1357 2707 1408 et

304 1430 791 1494 Eucharistiam
867 1439 968 1491 est
1045 1430 1437 1511 impartitus,
1557 1428 1778 1510 Quam
1858 1428 2252 1492 Alexander
2326 1431 2454 1513 ‚iiij.
2529 1453 2709 1494 anno

295 1517 553 1580 domini
585 1514 880 1580 .M.cc.1v.
913 1515 1136 1579 retulit
1168 1517 1232 1577 in
1269 1535 1615 1578 numerum
1650 1526 2030 1580 sanctarum
2065 1519 2412 1599 virginum.

757 1659 823 1729 (Ι
861 1650 1027 1728 ‚lDie
1056 1652 1210 1734 xiij.
1243 1652 1320 1714 de
1348 1661 1573 1714 octaua
1607 1652 1845 1715 Sancti
1867 1652 2231 1736 Laurentis.

809 1765 903 1847 iij.
948 1764 1125 1827 lectio
1153 1785 1233 1826 ex
1255 1784 1541 1826 sermone
1574 1763 1811 1827 Sancti
1835 1764 1895 1826 A
1908 1766 2216 1846 agustini.

318 1866 451 1995 H
471 1866 569 1928 Ec
600 1885 759 1946 ergo
790 1874 936 1928 tota
965 1883 1166 1926 causa
1196 1863 1519 1945 passionis
1550 1873 1653 1927 est
1684 1862 1915 1925 fratres
1950 1874 2219 1947 propter
2261 1886 2463 1947 quam
2514 1871 2711 1932 morti

496 1952 803 2015 addictus
877 1961 978 2014 est
1053 1960 1321 2012 sanctus
1394 1951 1493 2012 vir
1566 1958 1638 2012 vt
1712 1951 1811 2012 sui
1888 1952 2137 2014 similes
2225 1973 2368 2016 esse
2457 1965 2711 2019 ceteros

297 2039 690 2104 hortaretur.
787 2038 962 2101 Nam
1024 2037 1406 2101 exhortatio
1466 2036 1578 2099 illa
1625 2037 1692 2098 in
1740 2047 2000 2101 tantum
2050 2039 2344 2121 profecit,
2396 2050 2468 2105 vt
2514 2042 2627 2104 illo
2672 2064 2711 2105 a

301 2126 526 2190 seculo
602 2127 965 2200 recedente,
1043 2124 1206 2187 fides
1281 2125 1422 2186 eius
1512 2126 1800 2205 regionis
1889 2125 2094 2207 ipsius
2186 2125 2330 2188 loca
2404 2131 2713 2192 vniuersa

307 2216 666 2297 peruaserit
717 2214 810 2275 ita
858 2212 1162 2277 Christus
1191 2212 1301 2274 vbi
1335 2220 1493 2273 tunc
1527 2213 1592 2273 in
1627 2210 1825 2274 beato
1873 2222 2164 2293 martyre
2196 2233 2315 2275 suo
2350 2214 2711 2279 Laurentio

301 2303 828 2384 persecutionem
892 2320 1126 2382 passus
1185 2308 1286 2361 est
1347 2318 1523 2360 nunc
1578 2297 1710 2360 illic
1758 2297 2143 2380 plurimum²
2203 2301 2709 2367 christianorum

303 2388 590 2451 exultet³
622 2389 687 2450 in
723 2387 1001 2469 populiS.
1095 2385 1412 2449 Sufficere
1465 2385 1657 2448 nobis
1689 2384 1918 2448 debet⁴
1946 2386 2030 2448 ad
2066 2388 2432 2469 profectum
2481 2390 2713 2453 salutis

300 2484 530 2538 nostre
561 2473 955 2555 martyrum⁵
986 2472 1298 2554 exempla
1330 2483 1730 2546 sanctorum,
1763 2474 1874 2552 qui
1911 2484 2180 2555 propter
2210 2477 2708 2558 adipiscendam

299 2562 613 2625 celestem
664 2580 977 2624 coronam
1029 2559 1339 2624 omnibus
1392 2580 1463 2623 se
1510 2559 1845 2622 mandatis
1874 2560 2224 2624 dominicis
2256 2563 2708 2630 subdiderunt.

310 2649 400 2713 Et
474 2651 566 2711 ita
640 2650 894 2711 cunctis
970 2668 1041 2710 se
1114 2648 1474 2710 vinxerunt
1550 2647 1809 2730 legibus
1884 2647 2249 2725 saluatoriS,
2313 2665 2382 2713 vt
2442 2663 2714 2735 propter

300 2745 683 2798 anteactam
717 2737 921 2798 vitam
959 2747 1359 2796 mererentur
1393 2735 1477 2796 ad
1510 2732 1683 2795 hanc
1717 2734 2012 2816 martyrij
2048 2735 2327 2818 gloria‘m
2352 2741 2712 2819 peruenire.

308 2822 461 2885 Non
513 2823 689 2885 enim
741 2822 854 2884 illo
901 2831 1201 2904 tempore
1251 2831 1512 2884 tantum
1561 2820 1974 2903 perfecerunt
2022 2833 2405 2906 preceptum
2439 2824 2713 2903 domini,

301 2929 442 2991 quo
495 2910 924 2973 confessionis
974 2907 1369 2991 supplicium
1421 2907 1850 2990 pertulerunt,
1899 2910 2013 2971 sed
2070 2929 2335 2972 necesse
2389 2911 2511 2976 fuit
2567 2913 2713 2976 illos

307 2999 488 3078 prius
562 2995 927 3059 secundum
1003 2994 1424 3076 euangelium
1501 2995 1767 3068 vixisse,
1842 3005 1912 3057 vt
1990 2994 2233 3059 Christi
2297 3000 2713 3080 passionibus

311 3084 796 3166 participarent.
889 3084 1177 3145 Necesse
1254 3084 1526 3162 inquam
1603 3090 1746 3145 erat
1818 3091 1891 3145 vt
1968 3083 2154 3145 initia
2230 3084 2406 3147 bona
2482 3085 2714 3152 fierent

304 3191 588 3252 quorum
623 3170 770 3233 finis
803 3179 904 3233 est
933 3172 1227 3252 optimus
1276 3169 1670 3231 subsecutus
1701 3178 1769 3232 et
1800 3179 2127 3250 martyres
2170 3191 2285 3233 eos
2332 3192 2461 3234 non
2497 3174 2711 3238 solum

304 3257 509 3321 fuisse
560 3278 712 3320 cum
765 3258 939 3340 passi
995 3266 1165 3329 sunt,
1220 3258 1333 3318 sed
1385 3256 1586 3319 etiarn
1644 3265 1967 3337 martyres
2018 3256 2263 3320 Christi
2314 3258 2514 3323 fuisse
2558 3282 2709 3324 cum

309 3346 624 3410 viuerent.
719 3345 978 3425 Martyr
1051 3344 1229 3406 enim
1307 3363 1520 3426 grece,
1596 3342 1801 3405 latine
1879 3345 2068 3406 testis
2152 3344 2408 3410 dicitur.
2507 3348 2716 3430 Igitur

310 3434 833 3513 quotiescunque
880 3432 1072 3494 bonis
1131 3430 1390 3493 actibus
1452 3429 1848 3492 mandatum
1901 3430 2146 3495 Christi
2194 3431 2471 3496 facimus
2519 3438 2714 3499 toties

303 3516 550 3600 cristo-l·
580 3520 1032 3583 testimonium
1065 3516 1507 3601 perhibemus-

787 3662 853 3732 (Ι
897 3655 1030 3718 Die
1058 3654 1239 3736 ,xiiii
1272 3654 1349 3716 de
1376 3662 1601 3715 octaua
1629 3653 1844 3716 sancti
1866 3652 2256 3736 Laurentis.⁶

746 3769 856 3849 ‚iij
886 3768 1062 3831 lectio
1091 3788 1171 3829 ex
1195 3767 1325 3830 alio
1352 3786 1638 3829 sermone
1665 3766 1880 3828 sancti
1904 3766 1964 3828 A
1976 3767 2286 3849 agustini.

396 3869 590 3933 Gitur
633 3878 936 3931 sanctum
986 3876 1345 3946 martyrem
1397 3866 1784 3928 Laurentio⁷
1816 3886 2027 3948 grano
2074 3867 2323 3950 sinapis
2367 3889 2719 3950 possumus

422 3975 824 4037 comparare,
855 3956 965 4036 qui
1001 3954 1277 4016 diuersis
1309 3956 1574 4015 attritus
1606 3953 2026 4035 passionibus
2072 3974 2188 4036 per
2225 3963 2439 4017 totum
2488 3958 2716 4020 orbem

309 4045 526 4126 gratia
588 4042 825 4105 meruit
884 4043 984 4103 sui
1048 4042 1334 4123 fragrare
1396 4039 1714 4121 martyrij.
1806 4038 1937 4121 Qui
2001 4051 2159 4103 ante
2204 4044 2605 4106 constitutus
2651 4046 2717 4107 in

313 4150 586 4213 corpore
661 4143 803 4191 erat
871 4127 1155 4203 humilis
1215 4128 1501 4208 ignotuS,
1563 4136 1630 4189 et
1705 4125 1853 4188 vilis
1917 4136 2354 4209 posteaquam
2415 4140 2721 4206 vexatuS,

315 4218 656 4293 laceratuS,
709 4226 988 4279 exustus
1040 4223 1141 4277 est
1201 4215 1522 4276 vniuersis
1582 4233 1699 4294 per
1761 4223 1974 4276 totum
2040 4214 2362 4277 mundum
2424 4217 2720 4298 ecclesijs

309 4304 586 4368 odorem
650 4323 764 4366 sue
826 4301 1193 4366 nobilitatis
1252 4300 1510 4364 infudit.
1603 4300 1812 4363 Recte
1858 4301 2058 4382 igitur
2104 4301 2256 4363 huic
2308 4306 2722 4385 comparatio

409 4429 426 4462 ¹
460 4431 542 4481 die
571 4444 643 4494 13.
673 4432 732 4479 in
756 4448 820 4480 m.
891 4447 985 4480 om.
1014 4428 1092 4494 38.
1618 4424 1643 4457 ²
1674 4426 2032 4492 plurimorum:
2070 4439 2145 4491 39.
2174 4440 2255 4488 41.

409 4494 431 4527 ⁸
462 4498 684 4547 exultat:
721 4508 799 4559 39.
829 4508 907 4557 41.
1273 4491 1295 4523 ⁴
1325 4492 1545 4542 debent:
1582 4504 1661 4554 39.
1690 4501 1785 4541 etc.
2149 4491 2169 4522 ⁸
2202 4493 2507 4546 martirium:
2542 4508 2621 4560 43.

409 4559 433 4593 ⁸
463 4562 546 4613 die
569 4575 642 4623 14.
672 4563 729 4611 in
755 4578 819 4610 m.
890 4578 983 4610 om.
1013 4558 1091 4624 38.
1270 4556 1292 4590 ⁷
1327 4557 1686 4608 laurentium:
1723 4570 1800 4620 39.
1830 4573 1985 4619 many
2004 4557 2109 4608 edd.
