3293 5225
531 453 595 516 38
1161 454 1452 505 DOMINI
1457 455 1546 504 CA
1585 454 1828 503 PRIMA
1864 454 1975 503 AD
1989 453 2144 503 VEN
2146 453 2197 502 T
2198 454 2297 505 US.

662 612 729 683 ΙΙ
760 607 1143 671 Notandum
1188 609 1364 690 quod
1381 606 1591 690 finita
1621 606 1908 670 oratione
1936 606 2072 669 diei
2092 608 2284 690 fiunt
2322 607 2948 671 commemorationes

528 705 853 774 sequentes
883 696 961 758 de
989 695 1175 759 beata
1204 694 1478 777 virgine,
1507 705 1571 758 et
1597 694 1893 758 omnibus
1919 694 2161 757 sanctis
2189 695 2373 757 modo
2405 694 2832 776 infrasm'pto.

1292 818 1358 888 ΙΙ
1390 811 1473 874 In
1504 811 1788 873 aduentu
1819 810 2187 892 antiphona.

660 920 946 1006 Spiritus
979 933 1248 987 sanctus
1282 923 1349 985 in
1384 933 1451 986 te
1482 921 1846 986 descendet
1881 922 2112 1000 Maria,
2145 944 2227 986 ne
2275 923 2533 1001 timeaS,
2564 922 2841 986 habebis
2874 922 2940 984 in

525 1019 713 1073 vtero
738 1008 943 1073 filium
978 1011 1084 1074 dei
1117 1010 1444 1074 halleluia.

675 1096 927 1162 Versus.
1018 1097 1157 1162 Ora
1208 1118 1326 1180 pro
1356 1097 1548 1160 nobis
1594 1106 1827 1161 sancta
1876 1097 1984 1159 dei
2029 1096 2339 1179 genitrix.
2428 1095 2944 1178 Responsorium.

526 1183 624 1247 Vt
655 1185 838 1267 digni
871 1183 1238 1247 efficiamur
1268 1184 1815 1267 promissionibus
1848 1183 2110 1248 Christi.

1406 1312 1710 1376 OremuS.
1808 1311 2053 1377 Oratio.

536 1415 832 1543 DEuS‚
897 1417 1010 1497 qui
1105 1417 1190 1478 de
1252 1416 1444 1480 beate
1508 1416 1723 1478 Marie
1776 1416 2050 1499 virginis
2139 1425 2325 1478 vtero
2414 1415 2687 1480 verbum
2749 1425 2938 1479 tuum

701 1503 943 1585 angelo
1033 1504 1392 1566 nunciante
1521 1523 1786 1566 carnem
1902 1503 2234 1584 suscipere
2343 1503 2630 1579 voluisti,
2717 1513 2940 1585 presta

522 1589 930 1673 supplicibus
978 1591 1127 1667 tui5‚
1158 1601 1229 1653 vt
1273 1591 1384 1672 qui
1432 1610 1585 1653 vere
1630 1611 1778 1653 eam
1827 1590 1934 1652 dei
1983 1590 2372 1671 genitricem
2421 1590 2751 1653 credimus
2798 1591 2939 1652 eius

518 1678 697 1758 apud
760 1688 826 1739 te
894 1677 1477 1740 intercessionibus
1551 1678 1962 1740 adiuuemur.
2055 1677 2178 1739 Per
2247 1681 2534 1741 eundem
2598 1677 2937 1741 Christum

517 1763 864 1827 dominum
913 1774 1212 1828 nostrum
1263 1764 1469 1827 filium
1520 1774 1729 1840 tuum,
1777 1765 1891 1847 qui
1939 1775 2158 1826 tecum
2209 1766 2389 1839 viuit,
2424 1776 2490 1827 et
2539 1774 2773 1847 regnat
2820 1785 2938 1847 per

516 1852 746 1913 omnia
775 1852 1000 1915 secula
1030 1851 1421 1914 seculorum.
1513 1851 2034 1933 Responsorium.
2127 1851 2370 1914 Amen.

1080 1986 1146 2056 ΙΙ
1177 1980 1432 2043 Deinde
1448 1989 1576 2060 pro
1604 1980 1864 2044 sanctis.
1955 1978 2358 2060 Antiphona.

644 2083 821 2146 Ecce
852 2081 1162 2146 dominus
1207 2084 1448 2158 veniet,
1482 2092 1549 2145 et
1595 2103 1832 2145 omnes
1867 2085 2082 2146 sancti
2117 2084 2256 2145 eius
2301 2104 2452 2147 cum
2487 2103 2585 2158 e0,
2615 2093 2684 2146 et
2714 2083 2838 2145 erit
2867 2083 2934 2145 in

512 2169 620 2232 die
652 2169 763 2232 illa
795 2171 913 2232 lux
949 2191 1196 2252 magna
1228 2170 1555 2233 halleluia.

658 2256 911 2320 Versus.
1008 2259 1185 2321 Ecce
1245 2257 1594 2340 apparebit
1649 2258 1962 2321 dominus
2013 2278 2209 2341 super
2257 2258 2504 2320 nubem
2558 2255 2936 2322 candidam.

509 2343 1025 2425 Responsorium.
1118 2345 1207 2407 Et
1240 2364 1389 2406 cum
1424 2365 1505 2406 eo
1536 2360 1921 2408 sanctorum
1958 2345 2179 2409 millia.

1397 2472 1702 2536 OremuS.
1800 2472 2046 2538 Oratio.

512 2573 1066 2708 conscientias
1099 2586 1359 2639 nostras
1404 2596 1766 2659 quesumus
1798 2576 2070 2640 domine
2119 2576 2453 2640 visitando
2499 2574 2815 2658 purifica:
2862 2585 2934 2638 vt

666 2683 938 2725 vemens
965 2663 1151 2726 Iesus
1172 2663 1473 2727 Christus
1495 2663 1666 2725 filius
1691 2676 1842 2729 tuus
1869 2665 2181 2726 dominus
2207 2676 2432 2727 noster
2449 2684 2600 2726 cum
2624 2663 2937 2725 omnibus

507 2751 793 2813 sanctiS.
841 2761 1141 2850 paratam
1190 2751 1314 2813 sibi
1369 2752 1435 2813 in
1485 2750 1678 2814 nobis
1725 2751 2020 2814 inueniat
2080 2752 2516 2825 mansionem,
2564 2752 2676 2833 qui
2709 2761 2931 2813 tecum

509 2838 690 2912 viuit‚
722 2847 790 2900 et
822 2847 1057 2919 regnat
1088 2838 1154 2899 in
1205 2838 1460 2900 vnitate
1505 2838 1770 2920 spiritus
1820 2839 2032 2901 sancti
2066 2839 2230 2901 deus
2277 2858 2395 2922 per
2438 2839 2664 2900 omnia
2711 2837 2933 2900 secula

502 2886 889 2987 seculbrum.
980 2925 1496 3004 Responsorim
1586 2926 1827 2988 Amen.

636 3010 893 3074 Deinde
937 3012 1193 3075 dicitur.
1313 3012 1563 3075 Versus.
1686 3012 2169 3076 Benedicamus
2236 3012 2529 3075 dominc.
2649 3012 2931 3093 Respon-

505 3098 767 3161 sorium.
863 3099 1012 3161 Deo
1088 3099 1351 3179 gratias,
1460 3099 1713 3162 Versus.
1807 3100 1862 3162 F
1867 3099 2137 3162 1dehum
2202 3101 2425 3162 anime
2479 3119 2593 3180 per
2678 3100 2927 3161 miseri-

508 3187 804 3248 cordiam
839 3186 945 3248 dei
978 3187 1396 3267 requiescant
1428 3187 1491 3248 in
1527 3206 1708 3268 pace.
1797 3187 2314 3267 Responsorium.
2407 3185 2649 3248 Amen.

638 3272 736 3334 Et
776 3283 871 3335 est
911 3274 1378 3336 aduertena'um
1423 3274 1599 3354 quod
1649 3295 1865 3336 omnes
1908 3275 2059 3336 lzore
2097 3273 2447 3355 finiuntur
2490 3284 2627 3354 per.
2721 3273 2929 3335 Bene-

509 3360 810 3421 dicamus
890 3370 995 3423 etc.
1089 3360 1143 3422 F
1147 3357 1443 3423 ideliurnl
1492 3371 1598 3423 etc.
1637 3372 1767 3442 per
1816 3371 2017 3424 totum
2100 3381 2348 3422 annum
2387 3370 2802 3441 preterquam
2858 3359 2930 3421 in

511 3447 728 3509 triduo
757 3457 909 3508 ante
922 3448 1185 3528 pascha.

638 3539 704 3609 (Ι
735 3532 902 3596 Post
926 3534 1278 3595 aduentum
1328 3534 1570 3615 reliquo
1599 3535 1769 3596 anni
1805 3544 2077 3616 tempore
2087 3535 2279 3616 fiunt
2303 3533 2932 3596 commemorationes

511 3621 692 3683 modo
725 3620 911 3700 infra
939 3621 1188 3702 scripto.

639 3706 1040 3789 Antiphona.
1157 3706 1299 3771 Sub
1382 3716 1569 3769 tuum
1620 3710 1983 3789 presidium
2034 3708 2456 3789 confugimus
2505 3718 2738 3771 sancta
2796 3706 2926 3770 Dei

510 3795 846 3877 genitrix:
894 3804 1152 3856 nostras
1197 3795 1700 3876 deprecationes
1747 3816 1830 3858 ne
1884 3796 2210 3877 despicias
2258 3797 2323 3857 in
2379 3795 2932 3859 necessitatibus:

511 3881 628 3943 sed
651 3880 1007 3962 apericulis
1031 3883 1286 3944 cunctis
1306 3881 1508 3944 libera
1530 3901 1653 3944 nos
1673 3903 1937 3965 semper
1953 3884 2142 3963 virgo
2161 3882 2544 3964 gloriosa.et
2564 3882 2837 3945 benedic
2848 3893 2937 3947 ta.

657 3968 907 4031 Versus.
998 3968 1137 4031 Ora
1170 3989 1289 4049 pro
1322 3970 1511 4030 nobis
1544 3981 1780 4031 sancta
1825 3969 1931 4032 dei
1977 3971 2288 4051 genitrix.
2401 3969 2925 4050 Responsorium.

509 4054 609 4119 Vt
638 4056 822 4137 digni
857 4054 1221 4118 efficiamur
1253 4057 1800 4137 promissionibus
1832 4056 2095 4120 Christi.

1395 4192 1699 4258 OremuS.
1793 4194 2036 4258 Oratio.

516 4294 918 4429 COncede
964 4316 1086 4359 nos
1118 4297 1402 4359 famulos
1434 4307 1602 4371 tuoS,
1637 4318 1999 4380 quesumus
2046 4298 2318 4360 domine
2368 4299 2572 4374 Deus,
2603 4306 2934 4380 perpetua

669 4384 912 4446 mentis
1004 4393 1070 4446 et
1153 4386 1447 4467 corporis
1517 4386 1804 4448 sanitate
1864 4387 2172 4468 gaudere,
2233 4396 2301 4448 et
2375 4385 2663 4467 gloriosa
2733 4384 2933 4448 beate

1356 4527 1372 4559 ¹
1408 4529 1674 4579 halleluia:
1711 4542 1790 4593 43.
1819 4529 1897 4593 63.
1925 4529 2003 4578 66.
