3293 5225
866 481 1249 532 DOMJNJCA
1314 480 1592 529 TERTIA
1658 480 1968 542 QUADRA
1979 480 2328 530 GESIMAE.
2716 493 2806 544 103

653 699 719 768 (Ι
741 693 1038 775 Epistola
1061 693 1233 755 beati
1257 692 1528 755 Ioannis
1556 693 1827 774 apostoli
1838 690 2106 774 prima}
2197 693 2410 755 Lectio
2441 692 2526 774 .ζ]”.

543 821 697 884 Vod
734 821 856 884 fuit
888 822 975 885 ab
1007 822 1212 898 initi0‚
1245 821 1424 903 quod
1458 820 1839 883 audiuimus
1997 822 2272 883 verbum
2325 821 2465 883 eius
2521 840 2653 883 non
2703 830 2806 884 est

588 910 652 971 in
687 909 892 972 nobis

988 1095 1056 1165 ([
1097 1089 1318 1151 Tertia
1347 1088 1559 1151 Lectio
1587 1090 1932 1151 secundum
1965 1087 2254 1154 Lucam?

412 1218 545 1347 IN
582 1218 694 1281 illo
726 1228 1065 1300 tempore:
1115 1219 1279 1318 Erat
1330 1218 1515 1280 Iesus
1559 1216 1830 1298 eijciens
1878 1217 2283 1294 demonium,
2331 1226 2397 1281 et
2449 1216 2612 1280 illud
2662 1226 2804 1281 erat

526 1316 802 1368 mutum.
901 1307 991 1368 Et
1026 1306 1292 1386 reliqua.

876 1485 960 1547 H
954 1485 1216 1558 omelia†
1245 1483 1480 1547 sancti³
1515 1485 1913 1565 Hieronymi
1934 1484 2309 1566 presbyteri.

539 1616 690 1678 Vnc
722 1615 986 1679 oblatus
1017 1626 1118 1679 est
1154 1617 1302 1679 Iesu
1338 1616 1769 1677 demoniacus
1799 1639 1812 1677 ε
1850 1617 2148 1678 existens
2195 1636 2386 1678 cecus
2432 1626 2499 1678 et
2547 1625 2806 1679 mutus:

581 1712 649 1766 et
681 1703 936 1766 curauit
969 1723 1120 1766 eum
1155 1704 1247 1765 ita
1276 1712 1348 1765 vt
1380 1702 1758 1783 loqueretur
1781 1711 1847 1764 et
1868 1703 2138 1765 videret.
2216 1703 2374 1764 Tria
2394 1705 2585 1786 signa
2609 1705 2803 1786 simul

402 1790 466 1852 in
522 1810 656 1852 vno
710 1791 980 1853 homine
1030 1799 1405 1872 perpetrata
1456 1798 1649 1852 sunt:
1703 1809 1895 1851 cecus
1947 1789 2148 1864 videt,
2202 1799 2426 1853 mutus
2480 1789 2809 1871 loquitur:

401 1897 745 1958 possessus
776 1899 815 1939 a
846 1879 1134 1940 demone
1166 1877 1494 1940 liberatur.
1585 1875 1787 1957 Quod
1823 1886 1980 1939 tunc
2013 1876 2362 1939 carnaliter
2395 1877 2643 1940 sactum
2666 1888 2766 1941 est
2794 1902 2808 1941 ε

401 1964 493 2025 sic
555 1964 854 2045 quotidie
916 1965 1229 2046 impletur
1288 1962 1715 2045 spiritualiter
1775 1964 1838 2024 in
1901 1964 2331 2027 conuersione
2379 1964 2810 2029 credentium.

404 2050 500 2113 Vt
533 2051 816 2134 expulso
861 2054 1147 2114 demone
1208 2052 1494 2133 primum
1553 2048 1707 2112 fidei
1740 2050 1962 2113 lumen
2013 2051 2401 2133 aspiciant⁴z
2451 2051 2694 2114 deinde
2744 2053 2810 2114 in

403 2136 634 2201 laudes
666 2139 770 2201 dei
806 2140 1095 2202 tacentia
1127 2140 1307 2219 prius
1338 2159 1452 2199 ora
1486 2137 1811 2201 laxentur.
1864 2137 2047 2199 Iesus
2081 2148 2303 2200 autem
2331 2140 2542 2201 sciens
2562 2140 2811 2222 cogita-

403 2225 616 2288 tiones
664 2246 892 2288 eorum
946 2226 1122 2288 dixit
1176 2226 1286 2287 eis,
1379 2224 1602 2288 Omne
1634 2245 1910 2306 regnum
1945 2226 2230 2287 diuisum
2263 2237 2494 2288 contra
2525 2246 2595 2288 se
2626 2226 2815 2289 deso-

408 2311 665 2375 labitur.
733 2314 957 2376 Turbe
991 2313 1351 2394 stupebant
1384 2322 1451 2374 et
1483 2312 1972 2375 confitebantur
1994 2311 2175 2374 eum⁵
2203 2312 2388 2393 (quia
2412 2322 2602 2375 tanta
2626 2314 2816 2396 signa

406 2399 720 2476 faciebat)
759 2399 963 2463 filium
1003 2398 1242 2462 Dauid.
1337 2399 1628 2461 Pharisei
1661 2420 1819 2461 vero
1851 2396 2051 2482 'opera
2088 2399 2214 2461 Dei
2260 2401 2536 2482 principi
2587 2401 2815 2463 demo-

405 2489 664 2548 niorum
698 2487 1131 2568 deputabant.
1224 2485 1485 2567 Quibus
1520 2487 1830 2548 dominus
1863 2507 1995 2548 non
2031 2487 2114 2549 ad
2149 2486 2328 2549 dicta
2358 2488 2475 2549 sed
2509 2487 2594 2549 ad
2639 2490 2815 2571 cogi-

402 2583 544 2637 tata
597 2573 991 2655 respondet:
1038 2584 1108 2637 vt
1159 2574 1260 2636 vel
1315 2575 1408 2637 sic
1460 2571 1970 2656 compellentur⁶
2018 2575 2283 2636 credere
2334 2575 2630 2657 potentie
2681 2576 2818 2639 eius

404 2663 516 2743 qui
551 2664 768 2724 cordis
799 2662 1071 2724 videbat
1104 2661 1379 2724 occulta.
1473 2662 1543 2724 Si
1596 2673 1865 2724 satanas
1915 2670 2216 2723 satanam
2267 2662 2447 2740 eijcit
2501 2664 2819 2726 aduersus

409 2770 480 2811 se
512 2749 764 2811 diuisus
796 2759 914 2811 est.
1007 2748 1369 2831 Quomodo
1393 2769 1551 2828 ergo
1583 2749 1788 2811 stabit
1822 2769 2097 2831 regnum
2149 2750 2289 2811 eius
2322 2754 2348 2811 ?
2401 2749 2553 2811 Non
2599 2759 2821 2831 potest

408 2836 643 2898 ciuitas
675 2847 741 2899 et
775 2857 1050 2916 regnum
1085 2845 1316 2898 contra
1347 2856 1418 2897 se
1473 2835 1758 2898 diuisum
1804 2847 1994 2898 stare.
2088 2833 2221 2898 Sed
2272 2837 2610 2916 quomodo
2664 2857 2820 2899 con-

409 2924 633 2985 cordia
669 2944 869 3005 parue
905 2944 1003 2985 res
1036 2932 1339 2985 crescunt
1368 2946 1381 2985 ε
1414 2923 1507 2984 sic
1540 2923 1872 2985 discordia
1905 2923 2201 2983 maxime
2222 2923 2655 2986 collabuntur.
2748 2924 2819 2988 Si

412 3030 570 3092 ergo
603 3020 871 3072 satanas
907 3020 1161 3092 pugnat
1193 3020 1424 3072 contra
1474 3030 1581 3072 se:
1637 3023 1703 3071 et
1755 3011 1998 3071 demon
2044 3010 2348 3071 inimicus
2398 3021 2498 3072 est
2551 3012 2820 3073 demoni

411 3098 612 3159 debet
647 3099 776 3159 iam
814 3099 1045 3159 mundi
1079 3098 1300 3158 venire
1331 3097 1859 3159 consummatio:
1888 3117 2006 3157 nec
2041 3096 2358 3158 habereut
2393 3098 2455 3158 in
2491 3118 2570 3159 eo
2604 3097 2820 3160 locum

412 3184 787 3246 aduersarie
840 3193 1238 3266 potestates:
1269 3204 1547 3264 quarum
1583 3186 1752 3244 inter
1782 3204 1852 3244 se
1879 3182 2123 3245 bellurn
2159 3204 2294 3264 pax
2330 3184 2672 3246 hominum
2706 3195 2822 3247 est.

417 3272 487 3335 Si
550 3281 773 3333 autem
839 3273 1087 3353 putatis
1147 3292 1188 3332 0
1237 3272 1448 3333 scribe
1501 3281 1568 3332 et
1619 3270 1944 3351 pharisei:
1994 3271 2146 3351 quia
2204 3271 2484 3333 recessio
2521 3272 2823 3333 demonis

416 3359 796 3421 obedientia
830 3360 912 3420 sit
947 3359 1011 3419 in
1046 3359 1410 3440 principem
1445 3378 1637 3419 suum
1674 3367 1744 3418 vt
1775 3357 2079 3419 homines
2130 3359 2508 3438 ignorantes
2558 3359 2823 3421 fraudu-

418 3445 597 3507 lenta
660 3446 1082 3508 simulatione
1137 3445 1410 3507 deludat
1447 3467 1458 3506 ε
1508 3444 1667 3525 quid
1733 3445 2010 3526 potestis
2067 3445 2285 3507 dicere
2339 3444 2421 3506 de
2472 3465 2824 3527 corporum

414 3534 845 3595 sanitatibus:
878 3553 1044 3613 quas
1075 3534 1385 3594 dominus
1419 3533 1871 3614 perpetrauit?
1924 3531 2127 3593 Aliud
2160 3540 2261 3593 est
2293 3533 2343 3592 si
2380 3532 2828 3595 membrorum

417 3640 682 3719 quoque
714 3619 1090 3747 de7bilitates
1122 3631 1188 3681 et
1220 3619 1658 3701 spiritualium
1719 3620 2035 3681 virtutum
2095 3620 2378 3700 insignia
2431 3621 2829 3682 demonibus

416 3716 784 3788 assignetis,

1503 3867 1750 3934 Oratio,

571 3999 908 4061 Vesumus
939 3999 1365 4080 omnipotens
1400 3998 1583 4059 Deus
1615 4009 1771 4059 vota
1803 3995 2151 4060 humilium
2188 3997 2474 4078 respice:
2512 4007 2716 4078 atque
2749 3997 2834 4060 ad

600 4085 1054 4149 defensionem
1083 4095 1378 4148 nostram
1405 4084 1753 4147 dexteram
1776 4094 1891 4147 tue
1913 4085 2277 4146 maiestatis
2309 4083 2620 4147 extende.
2714 4086 2840 4148 Per

419 4174 786 4238 dominum.

525 4403 540 4435 ¹
578 4405 700 4469 Cap.
737 4418 755 4453 ι
787 4405 844 4452 in
869 4421 933 4454 m.
1006 4404 1058 4465 [i.
1094 4406 1259 4466 1-10.]
1662 4402 1684 4433 ²
1721 4404 1810 4454 Ca.
1846 4417 1917 4453 11.
1950 4405 2006 4451 in
2032 4420 2096 4453 m.

524 4468 545 4500 ³
577 4486 671 4520 om.
701 4483 777 4533 39.
1666 4468 1688 4498 ⁴
1723 4469 1961 4545 aspiciat:
1998 4469 2077 4518 66.
2519 4464 2540 4495 ⁶
2574 4466 2655 4515 ei:
2690 4464 2770 4516 66.

525 4531 548 4564 ⁸
580 4536 997 4601 compellerentur
1025 4553 1037 4585 ε
1075 4548 1152 4598 39.
1183 4545 1276 4585 etc.
1669 4533 1690 4566 ⁷
1727 4536 1979 4585 Miserere.
2012 4546 2089 4599 50.
2117 4535 2229 4583 add.
2257 4533 2336 4596 63.
