3293 5225
1261 498 1406 547 PRA
1411 499 1464 547 E
1465 499 1557 546 FA
1572 499 1620 547 T
1612 499 1650 547 I
1649 497 1706 547 0.
2599 506 2698 540 xxv

290 649 673 727 consideret,
748 652 948 733 plane
1016 650 1386 733 intelligat,¹
1461 651 1698 714 horum
1768 650 2069 713 omnium
2148 650 2550 732 praecipuam
2614 644 2702 706 ab

290 736 437 816 ipsis
469 736 774 801 habitam
808 758 953 802 esse
983 740 1327 802 rationem.
1418 738 1553 802 Sed
1600 738 1848 801 facturn
1897 747 1998 800 est
2048 738 2271 800 nescio
2318 755 2452 817 quo
2502 743 2700 816 pacto

294 825 704 903 precantium
740 825 1167 908 negligentia,
1196 836 1267 888 vt
1303 825 1622 907 paulatim
1671 846 1711 887 a
1743 825 2175 887 sanctissimis
2225 822 2350 886 illis
2398 831 2695 884 veterum

292 924 549 990 patrum
599 912 923 975 institutis
967 911 1431 976 discederetur.
1524 912 1702 974 Nam
1750 912 1895 974 libri
1942 913 2282 994 scripturae
2329 928 2552 984 sacrae,
2582 906 2695 989 qui

288 998 497 1059 statis²
532 1000 694 1062 anni
727 1000 1140 1082 temporibus
1172 998 1434 1081 legendi
1468 1008 1676 1074 erant,
1709 1019 1891 1061 more
1939 1000 2264 1060 maiorum
2320 996 2421 1077 (vt
2474 1005 2574 1057 est
2628 995 2692 1056 in

290 1088 742 1149 monumentis
856 1087 1102 1150 Gelasii
1238 1105 1449 1168 papae,
1537 1095 1605 1149 et
1724 1085 2004 1149 Concilii
2125 1084 2414 1147 Romani
2533 1082 2697 1145 .lxx.

285 1172 783 1254 episcoporum)
843 1175 958 1236 vix
1020 1175 1180 1236 dum
1242 1173 1487 1256 incepti
1547 1173 1948 1235 omittuntur
2023 1172 2085 1233 in
2162 1170 2294 1234 alio
2354 1170 2695 1233 breuiari0.

290 1257 458 1321 Tum
528 1260 824 1322 historiae
883 1270 1263 1322 sanctorum
1328 1260 1641 1341 qua-‚dam
1703 1269 1840 1323 tam
1904 1260 2167 1331 inculte,
2226 1268 2295 1322 et
2355 1268 2493 1319 tam
2556 1257 2697 1318 sine

287 1344 552 1409 delectu
601 1347 867 1429 scriptae
899 1346 1226 1409 habentur
1258 1348 1321 1408 in
1356 1346 1619 1423 eodem,
1650 1356 1724 1410 vt
1768 1367 1889 1409 nec
1936 1347 2400 1410 auctoritatem
2454 1343 2698 1406 habere

290 1432 645 1495 videantur
720 1452 839 1495 nec
916 1434 1331 1515 grauitatem.
1469 1434 1754 1497 Accedit
1844 1436 2010 1497 tam³
2085 1432 2443 1516 perplexus
2518 1431 2700 1505 ord0‚

288 1529 562 1600 tamque
593 1519 880 1583 difficilis
911 1519 1223 1602 precandi
1270 1521 1455 1595 rati0,
1486 1531 1558 1585 vt
1606 1522 1937 1584 interdum
1985 1519 2186 1603 paulo
2235 1520 2449 1582 minor
2497 1537 2699 1599 opera

291 1606 351 1667 in
447 1608 847 1687 requirendo
924 1618 1227 1689 ponatur,
1301 1627 1501 1688 quam
1587 1626 1739 1670 cum
1833 1608 2161 1670 inueneris
2253 1608 2318 1669 in
2397 1604 2698 1688 legend0.

290 1691 554 1774 Quibus
613 1694 806 1756 rebus
866 1695 1362 1770 animaduersiS,
1423 1694 1627 1756 felicis
1690 1694 2162 1756 recordationis
2222 1692 2534 1757 Clemens
2592 1690 2701 1771 vij.

291 1778 597 1860 pontifex
636 1781 981 1843 Maximus
1012 1800 1161 1843 cum
1197 1780 1594 1863 intelligeret
1637 1780 1835 1862 officij
1873 1782 1972 1842 sui
2019 1800 2180 1856 esse,
2211 1800 2361 1842 cum
2417 1777 2696 1841 aliorum

288 1865 815 1930 Christianorum
921 1868 1508 1931 commoditatibus
1602 1869 1989 1950 prospicere,
2070 1877 2213 1930 tum
2313 1868 2378 1929 in
2474 1866 2702 1949 primis

288 1952 693 2026 clericorum,
748 1954 989 2036 quibus
1048 1956 1362 2018 ministris
1421 1965 1714 2019 vteretur
1773 1955 1836 2016 in
1900 1955 2257 2017 commisso
2316 1953 2439 2016 sibi
2500 1971 2700 2034 grege

289 2041 841 2118 administrandO,
874 2062 982 2104 me
1011 2041 1311 2105 hortatus
1342 2039 1459 2119 est,
1493 2042 1970 2125 negotiumque
2016 2041 2218 2118 dedit,
2249 2050 2321 2103 vt
2371 2050 2698 2123 quantum

290 2147 445 2189 cura
490 2138 559 2189 et
596 2127 944 2210 diligentia
975 2130 1092 2191 niti
1126 2149 1409 2212 possem,
1441 2149 1666 2212 preces
1713 2129 2006 2192 horarias
2037 2130 2128 2192 ita
2161 2129 2602 2210 disponerem,
2634 2136 2700 2187 et

292 2215 372 2276 ad
451 2225 745 2278 veterem
810 2215 989 2278 illam
1053 2215 1333 2279 sormam
1411 2217 1632 2297 quoad
1697 2215 1836 2279 fieri
1897 2229 2120 2299 posset
2184 2216 2568 2297 redigerem,
2629 2221 2701 2275 vt

290 2300 793 2364 difficultatibus
837 2303 1336 2386 dispendiisque
1366 2303 1660 2381 sublatis,
1692 2324 1812 2367 nec
1844 2325 1884 2366 a
1914 2324 2176 2366 summa
2224 2302 2496 2365 rationis
2540 2299 2701 2363 olim

294 2388 378 2451 ab
406 2389 704 2470 antiquis
733 2390 1112 2471 sanctisque
1147 2390 1440 2472 patribus
1464 2391 1782 2469 institute,
1802 2391 2264 2464 discederetur,
2291 2409 2410 2452 nec
2442 2406 2699 2452 rursum

294 2475 507 2538 clerici
556 2476 645 2538 ab
688 2474 909 2538 officio
972 2476 1283 2558 precandi
1344 2476 1831 2541 deterrerentur
1891 2478 2158 2541 laboris⁴
2221 2474 2699 2557 magnitudine.

296 2561 516 2646 Quam
537 2582 667 2646 ego
692 2563 1100 2647 prouinciam
1123 2563 1554 2628 libentissime
1577 2567 1858 2648 suscepi,
1883 2565 2076 2629 simul
2098 2575 2169 2630 vt
2195 2563 2439 2629 Christi
2458 2561 2703 2625 vicario

296 2649 761 2714 honestissima
793 2651 1179 2734 precipienti
1212 2672 1530 2734 parerem,
1558 2653 1758 2717 simul
1791 2663 1863 2716 vt
1894 2653 2072 2716 bono
2102 2652 2369 2735 publico
2402 2670 2521 2734 pro
2552 2668 2703 2711 mea

296 2737 456 2799 virili
542 2748 733 2820 parte
812 2740 1140 2802 seruirem.
1260 2738 1603 2802 Adhibitis
1674 2741 1874 2822 igitur
1933 2740 2325 2822 quibusdam
2406 2754 2702 2800 meorum

296 2825 812 2888 domesticorum
845 2825 1281 2907 prudentibus
1312 2826 1710 2904 hominibuS,
1739 2847 1818 2890 ac
1864 2847 2197 2890 sacrarum
2246 2825 2581 2888 literarum
2636 2834 2704 2886 et

298 2911 617 2993 pontificii
697 2914 853 2974 iuris
913 2913 1213 2976 doctrina
1274 2914 1589 2996 praeditis,
1648 2913 2059 2997 eisdemque⁵
2119 2934 2335 2997 graece
2382 2923 2449 2974 et
2499 2911 2702 2973 latine

293 2998 585 3075 eruditiS,
617 2997 770 3061 dedi
802 3018 1075 3081 operam
1108 3020 1312 3082 quam
1362 3001 1658 3064 maxime
1707 3002 1910 3083 potui,
1957 3012 2028 3064 vt
2077 2998 2432 3064 commode
2482 3018 2561 3061 ac
2613 3017 2702 3059 ex

295 3085 577 3148 vtilitate
625 3085 893 3168 publica
939 3106 1075 3148 rem
1125 3085 1533 3151 conficerem.
1626 3089 1731 3151 Ac
1785 3089 1947 3152 illud
2003 3099 2159 3151 ante
2210 3086 2436 3150 omnia
2486 3085 2701 3147 visum

296 3173 483 3235 nobis
515 3183 619 3235 est
651 3174 716 3235 in
751 3173 1299 3237 consuetudinem
1334 3194 1659 3251 reuocare,
1690 3185 1761 3238 vt
1806 3176 2130 3257 scriptura
2177 3194 2361 3237 sacra
2408 3171 2704 3234 maxime

295 3260 593 3321 omnium
671 3270 816 3322 toto
902 3279 1098 3338 ann0,
1172 3271 1239 3325 et
1311 3280 1546 3324 omnes
1633 3261 1872 3343 psalmi
1948 3263 2226 3345 singulis
2315 3257 2706 3342 septimanis

298 3346 802 3428 perlegerentur.
934 3347 1307 3429 Vtrumque
1383 3349 1560 3412 enim
1636 3349 1967 3411 veteribus
2056 3349 2355 3432 patribus
2443 3364 2705 3408 summa

300 3434 551 3496 ratione
621 3434 946 3514 placuisse
1004 3435 1414 3511 videbamuS,
1475 3435 1585 3517 qui
1663 3435 2011 3518 plerosque
2087 3435 2287 3498 libros
2347 3437 2447 3514 (vt
2506 3452 2704 3513 supra

299 3521 549 3584 dictum
595 3519 729 3602 est)
788 3521 1125 3603 vtriusque
1186 3523 1566 3585 testamenti
1628 3543 1746 3605 per
1804 3524 1961 3586 anni
2023 3532 2324 3606 tempora
2385 3519 2705 3604 legendos

300 3607 761 3690 disposuerant
791 3608 857 3670 in
902 3608 1243 3683 breuiari0,
1275 3619 1341 3672 et
1375 3629 1491 3691 per
1534 3610 1676 3673 dies
1731 3611 1821 3672 sic
1872 3609 2165 3693 psalmos
2213 3610 2705 3683 distribuerant,

301 3704 369 3756 vt
396 3693 678 3775 singulis
709 3696 1098 3777 septimanis
1129 3704 1345 3760 totum
1392 3696 1779 3779 psalterium
1828 3697 2172 3780 legeretur,
2202 3698 2379 3778 quod
2429 3696 2705 3777 singulis

302 3780 533 3844 diebus
623 3781 689 3842 in
780 3782 1119 3863 primitiua
1208 3782 1484 3847 ecclesia
1574 3784 1819 3866 perlegi
1909 3784 2178 3847 solitum
2268 3804 2412 3847 esse
2501 3783 2705 3846 tradit

304 3865 715 3950 speculator.
835 3866 969 3932 Sed
1032 3869 1133 3949 (vt
1193 3890 1395 3952 supra
1439 3871 1765 3951 diximus)
1824 3873 2234 3952 precantium
2298 3870 2704 3952 negligentia

304 3953 549 4017 factum
626 3966 787 4031 erat,
860 3965 933 4018 vt
1010 3956 1284 4020 minima
1359 3976 1510 4038 pars
1570 3958 1912 4041 scripturae
1974 3978 2178 4020 sacrae
2240 3959 2580 4040 legeretur,
2640 3966 2708 4019 et

302 4041 707 4122 psalmorum
802 4041 1131 4124 plerisque
1225 4045 1505 4119 omissiS,
1600 4046 1794 4126 pauci
1869 4045 2148 4127 singulis
2246 4045 2378 4107 fere
2474 4043 2708 4126 diebus

302 4138 771 4209 repeterentur.
892 4128 1092 4210 Quod
1154 4130 1250 4192 eis
1322 4130 1581 4207 accidit,
1642 4131 1803 4194 dum
1880 4132 2077 4195 officii
2155 4132 2396 4195 serialis
2454 4130 2709 4213 optime

301 4216 847 4298 sanctissimeque
902 4236 946 4279 a
992 4217 1349 4281 maioribus
1394 4218 1680 4282 instituti
1741 4218 2225 4302 longitudinem
2287 4228 2353 4281 et
2413 4217 2707 4281 laborem

393 4423 414 4521 Ξ
445 4425 726 4503 intelliget:
763 4439 843 4490 39.
870 4440 951 4489 41.
1609 4427 1631 4459 ‘²
1664 4428 1894 4506 statutis:
1932 4429 2010 4480 61.
2037 4428 2118 4491 64.

446 4507 582 4541 mm:
619 4492 697 4556 38.
1619 4493 1640 4524 ⁴
1674 4495 1867 4545 labori:
1905 4508 1983 4558 39.

390 4555 412 4586 ⁵
442 4558 699 4608 eiusdem:
732 4570 816 4620 41.
