3293 5225
417 454 561 503 Auo.
603 454 711 516 29.]
794 456 846 505 s.
886 455 1408 507 AUGUSTJNUS:
1453 455 1934 505 DECOLLATIO
1966 456 2018 505 s,
2062 455 2377 505 JOANNJS
2408 454 2621 504 BAPT.
2729 463 2822 516 325

419 606 803 689 Augustino
847 607 1220 671 consessore
1267 618 1384 671 tuo
1429 618 1633 690 atque
1678 608 1991 690 pontifice
2036 618 2350 673 consuete
2383 607 2827 672 misericordie

418 694 633 756 tribue
665 694 990 776 benignus
1021 695 1329 760 effectum
1358 720 1371 758 :
1416 716 1533 777 per
1563 697 1928 760 dominum.

419 804 966 935 ¹AVg¹¹Sti¹¹US
1019 808 1316 891 Tagaste
1346 809 1552 890 (quod
1609 820 1710 872 est
1758 808 2081 891 oppidum
2130 809 2194 870 in
2245 807 2501 889 Africa)
2532 807 2829 870 honestis

622 897 1006 977 parentibus
1126 906 1308 958 ortus
1428 897 1727 959 omnium
1856 895 1989 958 sere
2099 916 2366 958 suorum
2488 894 2823 976 equalium

423 979 863 1057 doctissimuS,
916 982 1030 1045 sed
1108 983 1173 1044 in
1250 981 1698 1045 adolescentia
1780 983 2136 1046 christiane
2212 982 2510 1065 religioni
2570 980 2825 1043 alienus

429 1067 887 1132 Mediolanum
965 1070 1311 1133 contendit
1387 1069 1522 1133 Vbi
1606 1091 1757 1132 cum
1840 1080 2144 1133 sanctum
2228 1068 2660 1132 Ambrosium
2735 1068 2823 1130 ad

425 1156 745 1236 populum
794 1156 878 1219 de
916 1156 1233 1238 religione
1263 1157 1771 1220 concionantem
1806 1156 2180 1239 frequenter
2209 1157 2523 1231 audisset,
2555 1155 2831 1237 priuatis

423 1261 691 1324 quoque
765 1242 1114 1326 colloquijs
1174 1245 1313 1306 eius
1373 1246 1687 1320 eruditus,
1747 1255 1813 1307 et
1872 1265 2249 1319 conuersus,
2309 1243 2653 1326 trigesimo
2712 1261 2831 1304 sue

422 1331 621 1391 etatis
702 1350 881 1392 anno
956 1331 1042 1394 ab
1116 1331 1352 1394 eodem
1430 1331 1551 1394 suit
1628 1331 2022 1414 baptizatus
2113 1331 2312 1393 Vnde
2386 1350 2685 1393 reuersus
2762 1329 2826 1391 in

426 1415 724 1480 Africam
786 1416 1326 1481 christianissime
1385 1438 1462 1480 ac
1522 1420 1940 1481 sanctissime
1998 1418 2230 1481 vinens
2290 1438 2329 1479 a
2375 1417 2646 1480 Valerio
2690 1416 2831 1478 viro

424 1512 655 1566 sancto
729 1504 1149 1586 hypponensi
1213 1507 1529 1588 episcopo
1626 1506 1971 1587 presbyter
2066 1505 2279 1568 sactus
2355 1504 2828 1566 monasterium

427 1589 726 1653 condidit
790 1591 1240 1673 religiosorum
1290 1593 1656 1661 hominum.
1687 1613 1853 1673 quos
1902 1594 2010 1674 pia
2057 1593 2360 1656 doctrina
2401 1602 2468 1654 et
2501 1590 2829 1673 preceptis

425 1678 806 1758 apostolicis
870 1680 1272 1743 instituebat.
1366 1679 1456 1742 Et
1508 1699 1660 1742 cum
1716 1700 1834 1762 per
1883 1680 1950 1742 id
2006 1691 2269 1761 tempus
2325 1678 2830 1742 Manicheorum

428 1763 689 1839 heresiS,
739 1766 803 1827 in
850 1786 983 1847 qua
1034 1768 1173 1848 ipse
1219 1766 1449 1843 suerat,
1480 1768 1765 1830 multum
1801 1768 2204 1843 inualuisset,
2234 1768 2550 1829 acerrime
2581 1766 2647 1827 in
2680 1784 2829 1827 eam

423 1870 573 1913 cum
626 1853 992 1916 Fortunato
1036 1852 1452 1916 heresiarcha
1497 1853 1872 1935 complures
1916 1855 2059 1917 dies
2102 1854 2486 1936 disputauit,
2521 1849 2833 1914 eundem²

425 1940 727 2003 conuicit.
818 1939 1080 2022 Quibus
1126 1941 1319 2004 rebus
1364 1939 1603 2003 ductus
1632 1940 1942 2004 Valerius
1972 1941 2341 2023 episcopuS,
2372 1940 2830 2021 Augustinum

427 2026 812 2089 societatem
919 2030 1018 2091 sui
1124 2029 1548 2110 episcopatus
1653 2029 1901 2092 asciuit.
2016 2029 2171 2111 Qua
2274 2047 2429 2090 cura
2525 2035 2835 2108 suscepta

427 2112 849 2194 Augustinus
899 2125 1090 2178 tanto
1143 2116 1367 2179 studio
1420 2116 1740 2197 cuiusque
1792 2116 2052 2198 generis
2098 2114 2420 2178 hereticos
2469 2115 2833 2177 insectatus

424 2209 524 2263 est
584 2210 655 2264 vt
733 2203 974 2284 partim
1054 2222 1359 2265 sermone
1443 2203 1681 2285 partim
1760 2203 1941 2266 libris
2000 2202 2197 2265 editis
2256 2211 2467 2264 totam
2533 2200 2831 2263 Africam

424 2307 464 2348 a
557 2287 1078 2362 Manicheorum,
1192 2289 1720 2364 Donatistarum,
1826 2288 2405 2370 Pelagiorumque3
2507 2287 2832 2351 erroribus

426 2377 921 2456 expurgauerit.
1016 2375 1293 2457 Scripsit
1387 2377 1588 2439 libros
1671 2376 2201 2451 innumerabileS,
2275 2376 2359 2438 ad
2445 2374 2832 2459 religionem

423 2472 488 2522 et
572 2481 903 2525 sacrarum
990 2464 1460 2545 scripturarum
1551 2465 2040 2546 expositionem
2136 2463 2557 2545 pertinentes,
2645 2471 2835 2525 tanta

427 2549 731 2612 doctrina
836 2559 903 2612 et
1009 2552 1276 2631 pietate,
1350 2561 1423 2614 vt
1529 2549 1747 2614 nullus
1846 2570 2061 2634 neque
2156 2550 2519 2615 Grecorum
2616 2567 2833 2630 neque

429 2634 817 2699 Latinorum
897 2638 1323 2701 christianam
1393 2637 1879 2721 philosophiam
1947 2640 2159 2720 magis
2220 2636 2659 2699 illustrauerit.
2756 2635 2832 2698 In

427 2742 564 2803 quo
625 2724 848 2788 studio
907 2745 1056 2788 cum
1121 2745 1370 2787 annum
1434 2735 1660 2808 ageret
1711 2726 1906 2789 etatis
1954 2725 2518 2807 septuagesimum
2563 2732 2831 2785 sextum

428 2829 468 2871 a
516 2810 653 2873 vita
709 2812 1018 2894 migrauit
1072 2813 1308 2893 quinto
1355 2811 1669 2875 calendas
1724 2812 2136 2894 Septembris
2184 2831 2363 2874 anno
2409 2809 2654 2874 Christi
2699 2810 2834 2872 nati

428 2899 781 2962 ‚cccxxxf‘
811 2900 1010 2981 idque
1047 2899 1346 2982 Hipponi
1383 2899 1710 2962 Vandalis
1741 2918 1888 2962 eam
1922 2899 2151 2962 vrbem
2184 2897 2659 2961 obsidentibus

694 3068 760 3138 ΙΙ
808 3061 1204 3125 Decollloti0⁵
1233 3062 1450 3125 sancti
1476 3062 1748 3124 Ioannis
1777 3061 2048 3142 baptiste
2077 3061 2313 3142 duplex
2339 3059 2570 3123 maius.

1403 3174 1500 3236 ad
1525 3184 1832 3254 vesperas

555 3287 876 3368 Hymnus.
973 3287 1158 3349 Deus
1189 3284 1499 3349 tuorum.⁶
1529 3295 1604 3347 vt
1631 3287 1701 3348 in
1732 3286 2058 3347 communi
2080 3282 2303 3348 7vm'us
2332 3279 2687 3363 martyris!

555 3375 617 3436 A
628 3374 954 3455 ntipleona.
1080 3374 1364 3436 Ioannes
1426 3374 1720 3455 baptista
1779 3371 2099 3454 arguebat
2168 3371 2508 3435 Herodem
2571 3378 2842 3453 propter

432 3460 887 3524 Herodiadem
922 3481 1124 3543 quam
1161 3461 1401 3524 tulerat
1432 3460 1613 3523 fratri
1646 3480 1769 3522 suo
1791 3460 2041 3521 viuenti
2074 3480 2370 3522 vxorem.

1519 3622 1763 3687 Oratic).

533 3738 736 3801 Ancti
805 3737 1077 3799 Ioannis
1138 3735 1447 3819 baptiste,
1499 3735 1592 3799 et⁸
1642 3737 1951 3819 martyris
2005 3736 2098 3798 tui
2153 3753 2514 3817 quesumus
2569 3731 2839 3794 domine

559 3826 938 3889 veneranda
971 3824 1295 3886 festiuitas
1337 3823 1644 3887 salutaris
1699 3823 1931 3905 auxilij
1968 3822 2159 3885 nobis
2207 3830 2456 3905 prestet
2488 3818 2836 3883 effectum:

425 3933 542 3996 per
572 3914 937 3976 dominum.

558 4000 618 4062 A
629 4000 682 4062 d
732 4000 1128 4062 matutinum
1189 3998 1661 4061 Inuitatorium
1710 4008 1771 4060 et
1814 3997 2095 4080 hymnus
2140 3997 2217 4059 de
2266 3994 2593 4058 communi
2646 3991 2842 4055 vm‘us

423 4087 750 4167 martyris.

527 4264 543 4295 ¹
579 4265 743 4314 Lectio
763 4266 914 4313 tertia
932 4280 950 4313 .·
973 4272 1056 4327 pr.
1088 4262 1165 4327 38.
1196 4277 1272 4326 39.
1302 4277 1380 4324 41.
1729 4261 1751 4293 2
1783 4264 2130 4327 eundemque:
2168 4274 2245 4325 39.
2274 4270 2369 4310 etc.

525 4330 546 4359 ³
582 4330 1090 4394 pelagianorumque:
1129 4342 1205 4391 39.
1235 4338 1329 4378 etc.

525 4394 545 4425 ⁴
587 4396 626 4443 7
629 4396 725 4444 hus
746 4396 849 4443 also
871 4394 948 4457 38.
1020 4393 1511 4459 quadringentesimo
1534 4393 1822 4457 trigesimo:
1860 4407 1937 4457 39.
1967 4402 2061 4443 etc.

525 4459 546 4490 ⁵
578 4461 682 4509 Die
705 4473 799 4522 29:
825 4468 910 4523 pr.
942 4458 1018 4522 38.
1093 4459 1408 4509 Decollatio:
1445 4459 1522 4522 38.
1550 4469 1645 4509 etc.

521 4523 543 4556 ⁰
564 4525 775 4576 militum
800 4544 812 4575 :
838 4526 948 4574 add.
959 4538 1035 4588 39.
1066 4538 1144 4585 41.
1229 4525 1337 4585 [See
1360 4526 1524 4585 below,
1551 4541 1598 4589 p.
1629 4526 1769 4587 377.]
1930 4522 2038 4561 7-·.·
2059 4539 2152 4572 om.
2182 4534 2260 4587 39.
2289 4534 2368 4581 41.
2500 4518 2521 4547 ⁸
2542 4535 2635 4567 om.
2667 4528 2833 4579 39.41.
