3293 5225
270 411 411 460 nnc.
439 408 516 473 8.]
863 386 1287 460 co‘NcEprlo
1318 410 1383 460 B.
1424 411 1535 459 MA
1543 410 1732 460 RJAE
1778 410 2122 460 VIRGJNJS.
2590 406 2679 471 361

272 563 642 627 Mediolani
667 562 1027 627 Ambrosio
1045 582 1114 625 se
1137 563 1431 645 ingressu
1453 564 1728 627 ecclesie
1749 562 2143 646 prohibenti,
2166 572 2234 626 et
2254 561 2681 624 commissum

271 649 490 714 scelus
535 670 783 732 magna
827 670 979 714 cum
1027 650 1333 714 libertate
1380 650 1896 733 improperanti:
1945 650 2271 733 paruerit:
2318 658 2385 712 et
2417 648 2682 731 publice

273 737 713 821 penitentiam
756 739 965 821 egerit
1009 737 1098 801 ab
1145 738 1381 801 eodem
1438 738 1820 801 iniunctam.
1882 738 2175 801 Demum
2232 745 2384 819 post
2437 734 2683 798 multos

272 826 639 889 exhaustos
711 824 970 888 labores
1040 845 1160 907 pro
1235 823 1432 889 Cristi
1497 824 1792 894 ecclesia.
1864 833 2013 906 post
2090 822 2298 886 multa
2366 822 2679 885 librorum

270 912 613 975 volumina
673 923 902 975 sancte
961 920 1028 974 et
1087 912 1419 994 sapienter
1477 911 1868 993 conscripta,
1921 912 2166 994 pietate
2219 931 2296 974 ac
2353 908 2683 972 miraculis

270 997 504 1075 claruS,
533 998 785 1080 quieuit
816 1001 881 1061 in
908 999 1183 1062 domino
1214 998 1424 1081 pridie
1456 1018 1668 1061 nonas
1712 999 1981 1080 Aprilis,
2032 1017 2211 1061 anno
2263 997 2487 1060 christi
2543 997 2682 1059 nati

269 1087 586 1150 ccclxxx.
632 1083 837 1150 Cuius
869 1085 1110 1149 festum
1142 1086 1229 1149 ab
1259 1085 1536 1149 ecclesia
1567 1085 1935 1148 celebratur
1965 1084 2088 1166 ,vij.
2122 1084 2270 1148 idus
2294 1083 2684 1147 Decembris

271 1192 408 1255 quo
440 1172 548 1236 die
577 1173 927 1255 episcopus
955 1183 1214 1236 creatus
1244 1182 1360 1236 est.

822 1315 889 1385 (Ι
940 1309 998 1375 C
990 1309 1265 1390 onceptio
1296 1307 1602 1391 vz‘rgy'ntsl
1633 1308 1868 1390 duplex
1902 1308 2131 1371 maius.

407 1421 532 1484 Ad
553 1432 859 1503 vesperas.
948 1422 1272 1501 Hymnus.
1364 1421 1517 1484 Aue
1550 1423 1750 1484 maris
1780 1418 2013 1484 stella}

404 1508 801 1590 Antzjolzona.
892 1508 1078 1572 Sicut
1138 1508 1344 1571 lilium
1394 1509 1562 1571 inter
1621 1509 1863 1591 spinaS,
1908 1509 2000 1570 sic
2054 1507 2268 1570 amica
2319 1526 2466 1567 mea
2514 1505 2683 1567 inter

273 1592 442 1658 filias
475 1595 644 1659 Ade.
737 1595 1088 1660 Halleluia.

1364 1707 1609 1772 Oratio.

291 1819 586 1948 DEuS,
644 1819 755 1901 qui
818 1840 934 1902 per
981 1821 1475 1884 immaculatam
1529 1820 1802 1902 virginis
1850 1819 2354 1901 conceptionem
2401 1816 2678 1897 dignum

471 1905 608 1970 filio
675 1917 792 1970 tuo
859 1906 1312 1971 habitaculum
1376 1909 1786 1990 preparasti:
1856 1916 2074 1989 presta
2151 1922 2551 1986 quesumus:
2609 1910 2682 1964 vt

278 1994 447 2056 sicut
492 2014 641 2057 earn
696 1994 784 2057 ab
834 1996 1017 2058 omni
1075 1994 1221 2057 labe
1270 1995 1705 2077 preseruasti:
1752 1996 1843 2056 ita
1891 2014 2012 2055 nos
2071 2012 2338 2073 quoque
2393 1988 2680 2052 mundos

277 2080 419 2143 eius
440 2081 916 2167 ‘intercessione
946 2081 1033 2145 ad
1066 2092 1131 2144 te
1164 2082 1504 2164 peruenire
1534 2080 1896 2144 concedas:
1943 2101 2073 2163 per.

896 2225 963 2295 (Ι
995 2219 1120 2281 Ad
1142 2219 1539 2281 matutinum
1573 2218 1642 2279 in
1649 2215 2075 2280 uz‘tatom‘um.³

362 2330 839 2394 Mmaculatatn
866 2332 1371 2413 conceptionem
1392 2331 1665 2412 virginis
1692 2330 1902 2393 Marie
1928 2329 2351 2402 celebremuS,
2375 2323 2682 2399 cristum†

397 2418 539 2480 eius
569 2426 1088 2500 preseruatorem
1120 2417 1475 2481 adoremus
1504 2418 1871 2480 dominum.

402 2503 722 2577 Hymnus.
770 2504 833 2569 O
865 2504 1151 2586 gloriosa
1195 2505 1486 2569 domina.
1530 2505 1664 2568 eta*

404 2590 803 2672 Antzplzona.
849 2591 1024 2656 Tota
1057 2593 1328 2675 pulchra
1358 2612 1429 2656 es
1480 2591 1711 2667 Maria,
1741 2601 1808 2655 et
1842 2590 2101 2655 macula
2155 2587 2492 2672 originalis
2547 2605 2681 2649 non

272 2686 375 2739 est
406 2679 472 2740 in
505 2687 586 2743 te.
682 2678 1033 2743 Halleluia.

518 2821 585 2891 (Ι
640 2815 863 2878 Tertia
890 2815 1080 2880 lectio.
1171 2816 1281 2879 Ex
1306 2815 1518 2880 dictis3
1547 2825 1930 2880 sanctorum.
2022 2814 2453 2896 Augustinus.

291 2928 771 3059 MAgnifica
803 2927 986 2992 illum
1020 2930 1132 3011 qui
1180 2940 1245 2993 te
1298 2930 1385 2993 ab
1429 2930 1614 2992 omni
1670 2939 1945 3012 peccato
1994 2925 2396 2992 reseruauit.⁶
2515 2927 2685 3011 Quis

499 3017 677 3079 enim
712 3017 943 3097 inquit,
989 3016 1205 3080 dicere
1237 3018 1518 3098 poterit:
1564 3018 1706 3079 sine
1756 3025 2030 3099 peccato
2076 3035 2221 3077 sum
2275 3020 2522 3078 natus?
2568 3024 2684 3078 aut

280 3103 569 3167 mundus
599 3123 745 3165 sum
779 3103 866 3167 ab
896 3105 1081 3166 omni
1132 3105 1478 3185 iniquitate
1532 3104 1749 3167 dicere
1803 3103 2115 3166 audebit:
2161 3103 2284 3165 nisi
2341 3101 2451 3165 illa
2496 3103 2684 3184 virgo

278 3189 790 3273 prudentissima
837 3191 1207 3253 animatum
1262 3190 1585 3273 templum
1641 3191 1749 3253 dei
1803 3189 2036 3253 eccelsi
2063 3187 2103 3253 :⁷
2148 3209 2348 3270 quam
2397 3189 2561 3253 deus
2591 3189 2683 3251 sic

276 3276 478 3359 elegit
535 3287 602 3340 et
679 3278 995 3360 preelegit
1053 3288 1209 3341 ante
1271 3278 1501 3341 mundi
1578 3278 2140 3353 constitutionem,
2201 3274 2297 3338 vt⁸
2343 3286 2572 3339 sancta
2617 3285 2687 3339 et

280 3364 705 3427 immaculata
759 3375 971 3427 mater
1029 3364 1136 3428 dei
1183 3363 1343 3428 filia⁹
1387 3365 1474 3428 ab
1518 3376 1748 3428 eterno
1797 3375 2127 3427 reseruata
2175 3365 2552 3446 incorrupta
2597 3362 2685 3426 ab

278 3453 460 3513 omni
495 3451 642 3514 labe
675 3452 945 3533 peccati.

408 3538 737 3602 Hilarius,
872 3537 934 3602 O
994 3539 1182 3621 virgo
1244 3538 1591 3602 benedicta
1652 3559 1848 3621 super
1877 3558 2111 3601 omnes
2174 3538 2493 3600 seminas:
2553 3556 2682 3618 que

281 3620 602 3707 ¹⁰angelos
632 3622 892 3688 vincis¹⁰
922 3626 1242 3708 puritate:
1288 3645 1417 3707 que
1447 3646 1682 3688 omnes
1713 3635 1978 3688 sanctos
2009 3645 2280 3707 superas
2312 3625 2573 3707 pietate.

411 3711 776 3793 Czjorz'anus.
868 3711 930 3776 O
977 3713 1165 3795 virgo
1196 3714 1367 3775 iusta
1412 3723 1477 3775 et
1522 3714 1708 3776 omni
1742 3714 1987 3775 iustitia
2040 3712 2456 3794 plenissima:
2501 3711 2685 3773 cuius

274 3801 625 3882 conceptio
654 3799 1020 3881 singularis,

403 3885 713 3949 Basilius.
805 3885 867 3950 O
902 3887 1107 3950 maria
1140 3896 1210 3948 tu
1243 3886 1546 3949 candoris
1575 3896 1642 3949 et
1673 3886 1928 3949 decoris
1975 3885 2203 3961 forma,
2234 3886 2337 3947 cui
2387 3886 2451 3947 in
2500 3886 2687 3947 terris

275 3990 407 4035 non
438 3981 539 4035 est
569 3973 860 4054 equalis:
907 3994 1025 4036 nec
1060 3974 1122 4035 in
1156 3970 1359 4036 celis¹¹
1394 3975 1606 4036 ianua.

373 4106 390 4137 1
707 4110 717 4120 ·
759 4123 770 4133 .

369 4170 393 4202 ²
424 4109 975 4238 ἐειιᾳιῗίέαῧιιᾲνέζᾰώ
1020 4174 1128 4235 41.]
1162 4174 1222 4221 in
1254 4174 1406 4239 ρθῐτίο
1426 4174 1682 4224 sabbatino
1702 4175 1915 4223 eiusdem
1936 4191 1953 4224 :
1987 4177 2098 4224 add.
2129 4187 2205 4238 39.
2236 4188 2314 4235 41.
2388 4175 2497 4235 [See
2520 4174 2683 4235 below,

1181 4238 1203 4268 3
1272 4241 1280 4250 .
1426 4241 1436 4251 .

279 4253 326 4303 p·
355 4236 624 4380 {Sidi-cire
645 4303 789 4368 infra
812 4305 870 4353 in
891 4305 1042 4370 officio
1062 4239 1316 4354 sabbatgluei
1335 4238 1585 4354 {afflictius
1619 4317 1697 4367 39.
1726 4318 1805 4366 41.
1880 4306 1990 4366 [See
2012 4306 2176 4367 below,
2203 4322 2251 4383 p.
2283 4304 2422 4370 388]

372 4366 394 4398 ⁶
424 4376 581 4418 actes:
613 4368 691 4419 60.
1177 4366 1198 4399 ⁸
1232 4370 1598 4445 praesemauit:
1634 4369 1714 4419 60.
1982 4369 2003 4402 ⁷
2036 4373 2253 4422 excelsi:
2292 4370 2369 4435 38.
2403 4381 2497 4420 etc.

372 4431 394 4463 ⁸
425 4445 588 4484 esset:
624 4435 735 4484 add.
766 4447 842 4498 39.
872 4448 951 4496 41.
1181 4432 1204 4464 ⁹
1237 4434 1371 4485 fiho:
1408 4448 1485 4499 39.
1515 4448 1594 4496 41.
1987 4434 2131 4471 ¹⁰—¹⁰
2152 4437 2308 4487 vincis
2330 4439 2566 4501 angelos:
2605 4436 2682 4500 38.

375 4496 413 4529 ¹²
446 4500 575 4550 coeli
593 4518 606 4550 :
642 4499 721 4549 60.
