3293 5225
1127 478 1357 528 FERJA
1425 477 1704 527 TERTIA
1764 477 2126 527 PASCHAE.
2744 488 2833 540 137

1091 681 1173 744 H
1167 682 1393 744 omilia
1422 682 1634 745 sancti
1668 680 2163 763 Gregorijpape.

434 795 567 923 IN
621 794 1011 876 quotidiana
1043 793 1235 857 nobis
1282 793 1680 856 solennitate
1733 793 2190 856 laborantibus
2238 812 2450 877 pauca
2497 792 2831 874 loquenda

533 892 688 945 sunt
733 891 799 944 et
831 881 1107 944 sortasse
1153 881 1274 943 hec
1320 880 1543 943 vtilius
1590 881 1952 964 proderunt
1997 882 2152 962 quia
2184 900 2341 964 sepe
2372 878 2462 943 etl
2509 880 2829 942 alimenta

418 988 552 1050 que
643 969 860 1031 minus
948 968 1283 1031 sufficiunt
1373 967 1634 1031 auidius
1735 978 2100 1031 sumuntur.
2224 968 2562 1032 Lectionis
2666 986 2828 1047 ergo

420 1056 803 1137 euangelice
877 1053 1220 1118 summati2
1279 1074 1547 1117 sensum
1624 1056 1825 1117 statui
1902 1076 2034 1118 non
2114 1076 2230 1137 per
2288 1054 2551 1137 singula
2625 1055 2827 1117 verba

419 1144 746 1205 discutere
836 1162 918 1205 ne
1009 1141 1429 1205 dilectionem
1525 1152 1809 1204 vestram
1904 1141 2125 1205 valeat
2198 1162 2415 1204 sermo
2506 1140 2828 1224 prolixior

413 1230 857 1313 expositionis
887 1249 1176 1293 onerare.
1270 1230 1445 1291 Ecce
1490 1229 1768 1292 audistis
1799 1229 2031 1291 fratres
2079 1228 2347 1304 christi,³
2378 1230 2534 1311 quia
2566 1228 2827 1291 duobus

416 1316 757 1400 discipulis
777 1315 1272 1379 ambulantibus
1297 1317 1360 1378 in
1395 1317 1501 1378 via
1534 1336 1668 1378 non
1690 1316 1960 1397 quidem
1982 1316 2422 1391 credentibuS,
2447 1315 2563 1378 sed
2595 1325 2821 1378 tamen

415 1402 503 1466 de
536 1405 632 1466 se*
663 1403 1085 1485 loquentibus
1109 1403 1420 1466 dominus
1443 1404 1769 1486 apparuit,
1801 1404 1917 1466 sed
1950 1404 2045 1466 eis
2064 1404 2353 1485 speciem
2385 1423 2587 1485 quam
2621 1401 2824 1466 “recte

414 1489 917 1572 cognoscerent⁵
978 1510 1112 1553 non
1173 1490 1480 1553 ostendit.
1577 1490 1730 1553 Hoc
1791 1510 1950 1571 ergo
1981 1491 2118 1572 egit
2179 1490 2335 1553 soris
2383 1491 2695 1553 dominus
2756 1490 2820 1552 in

416 1577 628 1640 oculis
677 1578 985 1660 corporiS,
1018 1579 1197 1659 quod
1255 1579 1431 1661 apud
1467 1579 1645 1661 ipsos
1678 1576 2002 1660 agebatur
2032 1580 2211 1639 intus
2242 1579 2308 1640 in
2343 1578 2552 1640 oculis
2585 1576 2821 1641 cordis·

422 1665 556 1748 Ipsi
605 1684 895 1746 namque
927 1665 1103 1748 apud
1150 1666 1581 1748 semetipsos:
1628 1666 1808 1727 intus
1839 1662 1931 1727 et⁰
1961 1663 2279 1727 amabant
2311 1674 2378 1727 et
2409 1663 2824 1727 dubitabant.

422 1751 540 1814 Eis
600 1762 824 1814 autem
858 1751 1169 1814 dominus
1230 1751 1386 1825 soris
1447 1762 1821 1835 et‘presens
1852 1753 2083 1814 aderat
2142 1761 2210 1814 et
2272 1753 2420 1834 quis
2450 1761 2623 1814 esset
2685 1771 2818 1813 non

415 1838 832 1902 ostendebat.
924 1839 1031 1902 De
1077 1859 1146 1901 se
1193 1858 1351 1920 ergo
1397 1838 1825 1920 loquentibus
1870 1840 2271 1921 presentiam
2321 1839 2655 1903 exhibuit:
2703 1839 2819 1900 sed

413 1924 501 1988 de
555 1945 625 1987 se
673 1925 1133 1989 dubitantibus
1178 1927 1576 2006 cognitionis
1609 1946 1725 1988 sue
1779 1927 2067 2009 speciem
2122 1925 2500 1989 occultauit.
2593 1925 2820 1988 Verba

412 2012 685 2093 quidem
718 2013 1014 2088 contulit,
1045 2012 1355 2075 duritiam
1391 2012 1764 2076 intellectus
1796 2014 2176 2095 increpauit.
2269 2012 2606 2095 Scripture
2639 2032 2821 2075 sacre

417 2101 730 2178 mysteria
762 2118 891 2180 que
923 2100 1153 2182 deipso
1184 2111 1371 2162 erant
1404 2101 1678 2182 aperuit,
1698 2110 1764 2162 et
1796 2110 2021 2163 tamen
2053 2101 2210 2181 quia
2240 2100 2457 2163 adhuc
2491 2101 2555 2162 in
2589 2119 2817 2161 eorum

415 2185 722 2249 cordibus
784 2188 1170 2269 peregrinus
1202 2197 1344 2250 erat
1404 2207 1443 2248 a
1476 2185 1606 2249 fide
1638 2188 1730 2250 ire
1790 2208 1860 2250 se
1906 2186 2168 2271 longius
2229 2186 2446 2250 finxit.
2537 2187 2821 2269 Fingere

414 2292 700 2354 namque
732 2293 1133 2401 clomponere
1165 2274 1461 2337 dicimus,
1551 2273 1748 2336 Vnde
1781 2284 1848 2337 et
1896 2275 2374 2356 compositores
2406 2274 2526 2337 luti
2575 2272 2813 2354 figulos

407 2379 738 2423 vocamus,

1491 2497 1734 2563 OratiO.

421 2608 702 2739 DEus
777 2611 889 2693 qui
950 2610 1348 2674 solennitate
1424 2610 1718 2695 paschali
1797 2612 2049 2675 mundo
2125 2612 2415 2675 remedia
2475 2612 2813 2676 contulisti

586 2698 905 2781 populum
940 2708 1129 2761 tuum
1176 2718 1535 2780 quesumus
1569 2699 1862 2762 Domine
1909 2699 2133 2763 celesti
2167 2702 2347 2762 dono
2380 2720 2811 2783 prosequere:

404 2794 477 2846 vt
539 2796 604 2847 et
667 2786 1026 2867 perfectam
1090 2785 1461 2849 libertatem
1526 2787 1841 2868 consequi
1906 2798 2266 2850 mereatur:
2312 2797 2379 2850 et
2439 2786 2522 2849 ad
2598 2788 2805 2850 vitam

405 2870 706 2952 proficiat
739 2874 1209 2956 sempiternam
1243 2897 1255 2936 :
1302 2893 1432 2956 per.

660 3016 725 3085 (Ι
772 3009 970 3071 Feria
1000 3008 1112 3090 jis.
1145 3008 1222 3070 dc
1251 3018 1475 3070 octaua
1506 3008 1761 3091 duplexS
1790 3031 1868 3072 ex
1901 3008 2172 3075 Genesz‘.⁹
2260 3010 2472 3072 Lectio
2503 3010 2560 3074 .i.

406 3119 687 3250 ORta
717 3131 940 3183 autem
977 3120 1150 3182 fame
1183 3141 1379 3202 super
1423 3130 1665 3183 terram
1715 3132 1866 3203 post
1912 3143 2059 3184 eam
2109 3122 2524 3185 sterilitatem
2677 3122 2810 3205 Qui

578 3208 869 3289 tetigerit
900 3208 1186 3270 hominis
1219 3207 1411 3270 huius
1441 3228 1740 3284 vxorem‚
1773 3219 1986 3272 morte
2018 3211 2347 3273 morietur.

985 3369 1050 3438 (Ι
1100 3361 1466 3425 Secundum
1500 3361 1817 3427 Lucam.¹⁰
1905 3363 2116 3425 Lectio
2147 3364 2229 3445 ,ili

538 3471 743 3535 Vna¹¹
775 3483 997 3537 autem
1021 3473 1279 3536 sabbati
1303 3474 1498 3537 valde
1523 3473 1817 3538 diluculo
1846 3486 2169 3539 venerunt
2191 3477 2276 3539 ad
2300 3486 2807 3539 monumentum

685 3562 927 3624 intrare
958 3561 1023 3623 in
1057 3561 1336 3643 gloriam
1369 3582 1557 3624 suam
1584 3568 1610 3624 ?

717 3705 783 3773 {1
842 3698 1061 3760 Tertia
1092 3699 1283 3775 lectio,
1312 3720 1518 3761 sermo
1546 3700 1760 3763 sancti
1786 3701 2157 3782 Augustini
2181 3701 2488 3782 Episcopi.

523 3810 748 3872 Ascha
784 3809 1028 3874 Christi
1062 3810 1294 3873 fratres
1319 3811 1687 3874 charissimi
1707 3810 1814 3875 εἰ153
1837 3833 2113 3894 regnum
2147 3822 2248 3875 est
2289 3813 2598 3888 celorum,
2630 3813 2808 3876 salus

551 3898 800 3972 mundi,
847 3918 1119 3960 occasus
1166 3898 1416 3973 inferni,
1448 3899 1656 3981 gloria
1690 3920 2123 3982 supernorum
2156 3901 2292 3962 vita
2325 3899 2808 3973 credentium‚¹⁸

397 3985 782 4047 resurrectio
813 3995 1243 4062 mortuorum,
1275 3986 1737 4048 testimonium
1772 3988 2210 4050 miserationis
2243 3988 2483 4061 diuine,
2511 3989 2803 4070 precium

396 4069 869 4152 redemptionis
918 4072 1224 4148 humane,
1266 4072 1576 4135 contritio
1626 4074 1856 4137 mortis
1908 4073 2170 4137 abolite.
2281 4074 2431 4157 Que
2482 4074 2805 4138 sestiuitas

492 4214 508 4244 ¹
542 4232 634 4264 om.
666 4215 742 4278 38.
1106 4214 1129 4247 ²
1171 4218 1337 4266 Thus:
1364 4219 1685 4270 summatim:
1722 4217 1799 4282 38.
1829 4229 1921 4269 ete.
2168 4217 2189 4249 ³
2221 4220 2530 4269 charissimi:
2569 4231 2646 4283 39.
2676 4230 2771 4269 ete.

489 4278 510 4309 ⁴
544 4297 639 4329 eo:
676 4282 755 4344 63.
1109 4281 1215 4319 ⁵—⁶
1248 4294 1689 4347 recognoscerent:
1728 4296 1804 4347 39.
1832 4298 1912 4344 41.
2168 4282 2190 4315 ⁶
2221 4302 2314 4333 om.
2343 4285 2420 4334 61.

489 4344 509 4376 ⁷
542 4346 617 4395 Te
642 4347 803 4396 Deum
829 4366 842 4398 ε
878 4349 987 4396 add.
1012 4348 1090 4410 63.
1699 4347 1721 4379 ⁸
1754 4350 1996 4411 ma[ius]:
2034 4351 2144 4399 add.
2174 4350 2251 4413 63.
2281 4367 2372 4399 om.
2403 4350 2480 4399 66.

492 4408 513 4439 ⁹
546 4412 632 4461 Ca.
665 4411 761 4461 28:
799 4414 854 4460 in
879 4430 942 4461 m.
984 4413 1120 4461 Thus
1152 4415 1255 4461 also
1278 4412 1354 4475 38.
1385 4414 1537 4473 [xxvi.
1573 4415 1739 4475 1—11.]
1770 4416 1932 4477 Caput
1954 4416 2105 4465 xxvi:
2144 4428 2220 4479 39.

488 4474 531 4543 ¹¹⁰
564 4477 651 4526 Ca.
679 4490 741 4535 ²4
766 4478 823 4525 in
848 4495 911 4526 m.
942 4478 1094 4539 [xxiv.
1130 4479 1295 4539 1-26.]
1690 4478 1728 4509 ¹¹
1785 4480 1924 4528 Thus
1946 4492 2023 4543 37.
2075 4481 2186 4530 Vna
2212 4480 2288 4544 38.
2319 4491 2412 4530 etc.

490 4538 529 4570 ¹²
559 4558 650 4590 om.
682 4555 758 4605 39.
788 4554 881 4593 etc.
1696 4542 1737 4574 ¹⁸
1770 4556 1850 4593 et:
1887 4548 1997 4595 add.
2038 4545 2115 4609 63.
