3293 5225
1036 421 1417 470 DOMJNJCA
1456 420 1551 470 [Ν
1573 421 1771 470 SEXA
1781 421 2080 471 GESJMA.
2710 435 2776 486 79

812 606 877 675 (Ι
923 599 1122 662 Feria
1150 609 1331 662 sexta
1360 620 1440 661 ex
1472 597 1743 664 Genesi}
1833 599 2049 662 Lectio
2068 600 2312 681 prima.

366 712 549 842 ET
610 713 704 775 ait
760 712 1073 812 dominus
1134 712 1297 773 deus
1358 712 1441 774 ad
1505 722 1924 794 serpentem:
2124 712 2209 775 ad
2261 713 2767 777 custodiendam

517 801 693 862 viam
731 799 892 881 ligni
926 809 1071 861 vste.

648 981 651 984 .
912 933 980 1003 (Ι
1030 927 1399 991 Secundum
1434 925 1789 991 Ioannem.2
1878 927 2093 990 Lectio
2123 928 2212 1010 .ij.

472 1039 601 1104 Ost
650 1040 771 1102 hec
822 1040 1004 1104 venit
1059 1040 1245 1102 Iesus
1294 1049 1361 1102 et
1416 1039 1723 1121 discipuli
1772 1040 1914 1102 eius
1957 1039 2024 1101 in
2080 1040 2357 1104 ludeam
2406 1051 2650 1106 terram

499 1128 853 1210 oportebat
884 1138 1108 1189 autem
1142 1147 1294 1189 eum
1328 1127 1608 1189 transire
1640 1146 1758 1208 per
1792 1126 2191 1190 Samariam.

958 1270 1023 1339 (Ι
1074 1263 1354 1326 sabbato
1385 1284 1463 1325 ex
1496 1261 1770 1327 Genes2·.³
1857 1264 2071 1327 Lectio
2103 1265 2162 1329 .i.

501 1369 678 1430 Dam
733 1388 889 1432 vero
939 1368 1259 1450 cognouit
1290 1387 1569 1429 vxorem
1719 1387 1853 1430 non
1906 1367 2301 1434 interficeret
2352 1390 2504 1432 eum
2555 1371 2772 1434 omnis

528 1457 641 1538 qui
675 1456 1038 1518 inuenisset
1069 1474 1240 1517 eum.

914 1597 982 1667 (Ι
1031 1591 1400 1654 Secundum
1431 1589 1789 1657 Ioannem*
1874 1592 2088 1655 Lectio
2119 1593 2204 1674 ᾔ.

355 1705 655 1834 VEnit
730 1725 890 1787 ergo
946 1705 1011 1766 in
1063 1704 1404 1766 ciuitatem
1460 1701 1762 1766 Samarie
1818 1724 1948 1785 que
2011 1704 2253 1769 dicitur
2324 1706 2557 1771 Sichar
2701 1717 2771 1772 et

518 1792 873 1855 veniebant
905 1792 989 1854 ad
1023 1811 1192 1853 eum.

612 1935 677 2004 (Ι
725 1925 1097 1989 Dominica⁵
1127 1926 1524 2007 sexagesima
1555 1946 1634 1987 ex
1667 1925 1939 1989 Genesz'.⁶
2026 1928 2241 1991 Lectio
2256 1931 2502 2012 prima.

364 2040 905 2169 EGressusque
953 2038 1118 2102 Cain
1168 2059 1207 2101 a
1253 2036 1419 2100 facie
1451 2037 1707 2100 domini
1858 2040 2061 2116 Enos‚
2096 2041 2219 2105 iste
2250 2043 2428 2125 cepit
2459 2043 2770 2108 inuocare

522 2147 764 2190 nomen
799 2127 1070 2190 domini.

913 2269 981 2339 (Ι
1030 2262 1400 2327 Secundum
1432 2260 1785 2326 Ioannem.⁷
1873 2263 2087 2327 Lectio
2118 2266 2203 2342 ‚ill

436 2377 684 2440 Nterea
737 2377 1065 2459 rogabant
1117 2395 1269 2437 eum
1321 2375 1625 2457 discipuli
1678 2376 2013 2440 dicentes:
2065 2378 2284 2442 Rabbi
2321 2381 2652 2444 manduca

460 2485 611 2527 cum
644 2464 935 2528 venisset
965 2484 1005 2526 a
1041 2462 1249 2525 Iudea
1283 2463 1345 2523 in
1382 2460 1730 2526 Galileam.

930 2609 998 2680 (Ι
1056 2603 1277 2666 Tertia
1306 2604 1484 2667 lectio
1511 2605 1860 2667 secundum
1893 2603 2185 2671 Lucam.8

437 2718 497 2780 N
551 2718 664 2780 illo
715 2729 1015 2800 tempore
1068 2718 1243 2783 dixit
1294 2719 1479 2781 Iesus
1517 2719 1726 2783 turbis
1758 2720 2258 2783 similitudinem
2292 2720 2483 2784 hane.
2576 2720 2768 2803 Exijt

462 2806 573 2887 qui
608 2805 894 2868 seminat
925 2806 1252 2868 seminare
1284 2827 1509 2868 semen
1545 2827 1758 2882 suurn,
1789 2819 1855 2870 et
1889 2807 2157 2889 reliqua.

997 2940 1339 3015 Homelia†
1369 2943 1584 3005 sancti
1618 2942 1679 3006 G
1682 2942 1933 3024 regom'j
1942 2954 2127 3025 pape.

364 3055 677 3182 LEctio
721 3055 932 3118 sancti
979 3054 1307 3137 euangelij
1354 3075 1556 3137 quam
1591 3056 1795 3117 modo
1827 3054 2058 3119 fratres
2089 3055 2455 3118 charissimi
2486 3057 2767 3121 audistis

506 3142 928 3224 expositione
976 3162 1109 3203 non
1159 3142 1414 3224 indiget
1458 3143 1574 3204 sed
1616 3142 2089 3207 admonitione.
2182 3142 2404 3225 Quam
2439 3144 2614 3206 enim
2649 3165 2767 3226 per

349 3229 783 3310 semetipsum
838 3229 1080 3291 veritas
1134 3230 1463 3311 exposuit,
1511 3229 1682 3291 hanc
1729 3230 2057 3294 discutere
2105 3230 2399 3293 humana
2445 3229 2768 3313 fragilitas

349 3336 484 3378 non
534 3317 870 3398 presumit.
964 3315 1097 3379 Sed
1152 3326 1253 3379 est
1302 3318 1480 3397 quod
1538 3315 1851 3380 sollicita⁹
1902 3318 1971 3379 in*
2013 3318 2136 3379 hac
2170 3317 2314 3399 ipsa
2344 3319 2767 3399 expositione

349 3402 686 3465 dominica
741 3400 1393 3485 pensare⁸debemus
1485 3402 1664 3484 Quia
1710 3404 1762 3465 si
1812 3425 1933 3466 nos
1964 3404 2153 3466 vobis
2196 3423 2421 3466 semen
2470 3407 2765 3483 verbum,

348 3510 585 3570 agrurn
650 3490 993 3563 mundum,
1048 3485 1347 3552 volucres
1395 3490 1724 3566 demonia,
1776 3492 2003 3573 spinas
2064 3492 2334 3554 diuitias
2395 3491 2767 3575 significare

346 3576 734 3653 diceremuS,
780 3576 866 3640 ad
917 3576 1324 3639 credendum
1372 3578 1565 3640 nobis
1613 3597 1801 3640 mens
1849 3577 2121 3641 forsitan
2155 3587 2373 3641 vestra
2413 3578 2767 3644 dubitaret.

346 3664 549 3727 Vnde
580 3675 647 3728 et
676 3661 983 3727 eisdem¹⁰
1011 3663 1320 3727 dominus
1352 3685 1469 3746 per
1498 3664 1929 3747 semetipsum
1963 3664 2276 3747 dignatus
2306 3676 2409 3728 est
2429 3686 2768 3748 exponere

347 3750 533 3833 quod
565 3750 849 3826 dicebat,
869 3759 941 3814 vt
973 3751 1193 3813 sciatis
1224 3771 1440 3813 rerum
1473 3749 1994 3833 significationes
2025 3771 2297 3832 querere
2330 3754 2393 3814 in
2428 3753 2529 3816 his
2562 3754 2763 3818 etiam

347 3858 483 3921 que
534 3859 652 3920 per
698 3839 1129 3920 semetipsum
1181 3838 1395 3901 noluit
1445 3839 1825 3921 explanare.
1919 3839 2350 3921 Exponendo
2390 3860 2550 3921 ergo
2581 3840 2763 3922 quod

348 3925 528 3988 dixit
561 3925 840 4007 figurate
872 3946 942 3987 se
975 3925 1153 4006 loqui
1188 3925 1494 4000 innotuit,
1527 3936 1854 4008 quatenus
1886 3937 2101 3989 certos
2124 3946 2241 3989 vos
2268 3926 2590 4003 redderet,
2611 3947 2763 3989 cum

349 4013 543 4075 vobis
604 4023 831 4075 nostra
882 4012 1200 4094 fragilitas
1253 4012 1604 4075 verborum
1668 4013 1840 4075 illius
1904 4012 2148 4094 figuras
2202 4015 2501 4095 aperiret.
2594 4012 2765 4095 Quis

350 4099 531 4162 enim
610 4098 768 4161 mihi
833 4119 1126 4181 vnquam
1202 4102 1498 4163 crederet
1573 4100 1624 4161 si
1703 4100 1931 4182 spinas
2006 4101 2275 4164 diuitias
2351 4101 2765 4183 interpretari

502 4228 590 4289 [iii.
627 4229 826 4290 14—24.]
1654 4226 1677 4258 ²
1709 4228 1797 4290 [iii.
1828 4227 2023 4277 22—iv.
2051 4229 2126 4289 4.]

450 4291 472 4323 ³
505 4294 593 4344 Ca.
622 4309 655 4355 4
678 4296 736 4343 in
759 4311 825 4342 m.
854 4294 941 4354 [iv.
977 4295 1142 4356 1—15.]
1661 4293 1681 4323 ⁴
1716 4295 1801 4355 [iv.
1833 4294 2004 4357 5—30.]

448 4357 471 4387 ⁵
504 4360 562 4407 in
578 4374 597 4407 .·
629 4361 740 4408 add.
769 4372 848 4422 39.
876 4369 971 4409 etc.
1648 4356 1670 4389 ⁶
1702 4360 1787 4421 [iv.
1822 4358 2020 4419 16-26.]

451 4423 474 4455 ⁷
507 4425 592 4485 [iv.
623 4426 828 4488 31-54.]
1659 4423 1680 4454 ⁸
1714 4425 1838 4490 Cap.
1868 4423 1913 4472 8.
1944 4426 2001 4472 in
2025 4440 2091 4472 m.

451 4488 474 4518 ⁹
505 4491 571 4539 So
596 4491 698 4540 also
728 4489 806 4554 38.
867 4490 1088 4539 solicite:
1127 4503 1205 4553 39.
1234 4500 1328 4539 etc.
1661 4487 1701 4520 ¹⁰
1734 4492 1798 4539 So
1819 4491 1921 4539 also
1943 4488 2021 4553 38.
2092 4488 2261 4539 idem:
2298 4502 2376 4553 39.
2405 4498 2499 4541 etc.
