3293 5225
414 490 537 540 Ilm.
567 490 668 551 12.]
1194 490 1382 540 OCTA
1401 490 1488 539 VA
1546 488 2042 539 EPIPHANIAE.
2724 499 2820 551 247

1050 698 1118 769 ΙΙ
1162 694 1293 757 Die
1322 710 1440 758 .11.
1470 693 1548 755 de
1576 702 1802 755 octaua
1830 691 2182 774 epiphanie.

865 806 1077 869 Lectio
1107 806 1219 888 ,τ’ᾔ.
1248 827 1327 867 ex
1349 802 1659 868 sermonel
1688 804 1904 868 sancti
1926 804 2159 866 Leonis
2171 815 2358 886 pape.

432 919 729 1050 DEdit
760 939 919 1000 ergo
963 918 1435 1001 aspicientibus
1485 916 1893 979 intellectum
1945 917 2057 997 qui
2109 917 2393 1000 prestitit
2441 918 2702 1000 signum
2755 927 2821 981 et

609 1005 789 1088 quod
823 1006 976 1069 fecit
1008 1004 1284 1087 intelligi
1319 1004 1474 1068 fecit
1518 1004 1800 1085 inquiri:
1845 1011 1914 1066 et
1943 1024 2014 1066 se
2061 1003 2532 1067 inueniendum
2580 1004 2823 1069 obtulit

416 1094 784 1176 requisitus,
903 1092 1287 1174 Sequuntur
1346 1101 1478 1154 tres
1538 1092 1658 1154 viri
1718 1091 1982 1173 superni
2045 1091 2308 1154 luminis
2366 1091 2681 1156 ductum:
2756 1103 2823 1156 et

419 1181 624 1264 preuij
676 1179 947 1262 fulgoris
998 1180 1311 1242 indicium
1364 1179 1621 1241 intenta
1672 1177 2237 1260 contemplatione
2287 1180 2702 1257 comitantcS,
2735 1180 2820 1241 ad

415 1269 825 1350 agnitionem
888 1267 1180 1330 veritatis
1233 1266 1444 1348 gratie
1502 1264 1856 1347 splendore
1916 1264 2285 1328 ducuntur:
2353 1266 2467 1348 qui
2528 1265 2825 1330 humano

418 1376 615 1419 sensu
649 1356 984 1437 signatum
1016 1354 1138 1417 sibi
1189 1355 1358 1435 regis
1406 1362 1624 1416 ortum
1678 1353 2157 1414 estimauerunt
2210 1354 2275 1416 in
2325 1354 2594 1416 ciuitate
2643 1354 2823 1435 regia

417 1463 564 1507 esse
624 1440 1053 1524 querendum.
1176 1440 1310 1505 Sed
1372 1440 1484 1521 qui
1545 1438 1715 1501 serui
1776 1450 2156 1522 susceperat
2216 1439 2498 1504 sormam
2561 1452 2628 1505 et
2688 1461 2821 1504 non

424 1529 715 1593 iudicare
765 1537 1054 1605 venerat,
1110 1529 1226 1591 sed
1277 1526 1588 1590 iudicari:
1639 1526 2030 1590 Bethlehem
2083 1527 2402 1609 preelegit
2456 1528 2829 1592 natiuitati:

428 1617 904 1698 lerosolymam
990 1616 1297 1698 passioni.
1434 1613 1739 1676 Herodes
1828 1611 2010 1676 vero2
2099 1614 2377 1677 audiens
2469 1614 2824 1678 iudeorum

422 1704 787 1787 principem
835 1712 1087 1779 natum,
1131 1722 1573 1765 successorem
1621 1701 1993 1784 suspicatus
2037 1702 2329 1783 expauit.
2423 1702 2513 1766 Et
2560 1702 2831 1765 molitus

423 1811 653 1854 necem
679 1790 910 1853 salutis
934 1791 1201 1866 auctori,
1226 1789 1462 1852 falsum
1491 1785 1913 1869 spospondit⁸
1935 1788 2347 1870 obsequium.
2416 1788 2638 1871 Quam
2666 1788 2826 1852 felix

426 1877 593 1941 soret
634 1879 687 1940 si
722 1897 1069 1959 magorum
1104 1877 1473 1940 imitaretur
1503 1873 1702 1958 fidem
1734 1898 1748 1937 ε
1780 1887 1847 1937 et
1878 1885 2293 1938 conuerteret
2324 1875 2409 1938 ad
2442 1876 2825 1958 religionem

424 1966 606 2047 quod
638 1964 1037 2047 disponebat
1059 1963 1145 2026 ad
1172 1962 1491 2026 fraudem.
1568 1961 1630 2026 O
1657 1982 1813 2024 ceca
1838 1962 2039 2025 stulte
2062 1961 2481 2027 emulationis
2507 1964 2832 2045 impietas,

426 2053 587 2134 qua*
674 2052 1193 2134 perturbandum
1286 2060 1482 2132 putas
1571 2049 1892 2125 diuinum,
1981 2058 2098 2112 tuo
2174 2049 2390 2113 furore
2461 2050 2830 2113 consilium.

430 2139 761 2202 Dominus
839 2138 1087 2213 mundi,
1148 2136 1513 2219 temporale
1575 2156 1709 2199 non
1772 2137 1988 2218 querit
2050 2157 2346 2220 regnum,
2406 2138 2518 2219 qui
2582 2148 2832 2221 prestat

425 2237 745 2289 eternum.
851 2224 1029 2307 Quid
1079 2223 1693 2288 incommutabilem
1743 2224 2210 2305 dispositarum
2262 2244 2475 2287 rerum
2530 2225 2831 2287 ordinem

426 2325 700 2387 vertere,
732 2322 799 2375 et
830 2313 1120 2376 alienum
1160 2311 1414 2374 facinus
1461 2330 1904 2393 preoccupare
1952 2312 2257 2374 conaris?
2352 2311 2535 2374 Mors
2588 2311 2833 2376 Christi

429 2421 563 2464 non
611 2411 713 2463 est
759 2400 1076 2482 temporis
1108 2399 1221 2464 tui.
1330 2399 1513 2461 Ante
1558 2398 1983 2461 condendum
2034 2408 2135 2460 est
2183 2399 2624 2480 euangelium,
2679 2408 2835 2461 ante

428 2486 908 2569 predicandum
941 2496 1044 2550 est
1076 2486 1204 2549 Dei
1240 2505 1516 2567 regnum
1546 2508 1561 2547 ε
1608 2494 1764 2547 ante
1795 2485 2114 2547 sanitates
2138 2484 2469 2561 donande,
2492 2496 2650 2549 ante
2681 2496 2835 2549 sunt

427 2574 729 2638 facienda
761 2573 1093 2639 miracula.

558 2708 626 2779 ΙΙ
672 2703 1164 2766 Aduertendum
1195 2702 1370 2784 quod
1408 2701 1667 2784 quando
1718 2700 2063 2783 epzpltania
2109 2701 2366 2764 domini
2413 2702 2719 2765 inciderit
2763 2703 2833 2764 in

429 2791 750 2853 dominica
812 2800 963 2853 tunc
1012 2791 1081 2852 in
1140 2789 1401 2852 sabbato
1450 2789 1741 2869 sequenti
1784 2789 2137 2851 omittenda
2188 2799 2283 2851 est
2328 2810 2592 2871 sequens
2641 2790 2834 2851 tertia

429 2877 625 2953 lectio,
654 2887 716 2940 et
745 2878 868 2940 loco
911 2878 1052 2940 eius
1093 2876 1429 2959 legendum
1482 2875 1890 2957 euangelium
1944 2897 2094 2939 cum
2148 2876 2362 2939 factus
2408 2885 2581 2940 esset
2633 2876 2834 2940 Iesus,

429 2985 572 3026 cum
603 2964 891 3041 homilia,
925 2973 997 3027 vt
1026 2964 1315 3026 inuenies
1346 2964 1415 3026 in
1446 2963 1770 3025 dominica
1802 2963 1996 3025 tertia
2012 2972 2166 3044 post
2191 2963 2563 3028 aduentum.

1058 3097 1126 3168 ΙΙ
1170 3091 1301 3155 Die
1329 3108 1447 3156 .12.
1476 3091 1555 3154 de
1583 3101 1808 3154 octaua
1836 3090 2209 3172 epz'plzanie.⁵

909 3204 1119 3267 Lectio
1151 3205 1344 3267 tertia
1365 3228 1388 3267 .·
1431 3224 1638 3265 sermo
1667 3204 1881 3265 sancti
1904 3203 2136 3265 Leonis
2152 3215 2336 3285 pape.

444 3310 760 3438 IUstum
795 3318 862 3371 et
893 3307 1285 3371 rationabile
1321 3307 1729 3370 dilectissimi
1760 3330 1773 3368 ε
1819 3316 1889 3370 et
1932 3327 2083 3370 vere
2131 3308 2396 3390 pietatis
2442 3309 2833 3392 obsequium

556 3407 656 3459 est
689 3397 752 3458 in
787 3395 1019 3459 diebus
1051 3416 1181 3477 quc
1212 3395 1436 3458 diuine
1467 3414 1670 3475 opera
1718 3394 2158 3458 misericordie
2191 3404 2659 3477 protestantur,
2690 3406 2837 3459 toto

431 3483 630 3546 corde
660 3483 988 3565 gaudere:
1035 3494 1102 3546 et
1148 3481 1503 3545 honorifice
1549 3502 1629 3543 ea
1676 3500 1805 3563 que
1841 3480 1928 3544 ad
1975 3482 2254 3545 salutem
2304 3492 2599 3547 nostram
2647 3494 2837 3565 gesta

432 3579 603 3646 sunt,
679 3570 1024 3633 celebrare.
1158 3569 1466 3632 Vocante
1543 3589 1664 3631 nos
1739 3568 1824 3631 ad
1913 3567 2085 3631 hanc
2174 3568 2601 3633 deuotionem
2693 3572 2836 3652 ipsa

432 3658 900 3720 recurrentium
978 3667 1353 3738 temporum
1416 3655 1605 3737 lege:
1682 3675 1812 3737 que
1873 3655 2064 3719 nobis
2125 3665 2275 3739 post
2334 3656 2510 3719 diem
2574 3658 2640 3720 in
2703 3678 2838 3740 quo

430 3755 777 3808 coeternus
809 3744 979 3826 patri
1013 3742 1184 3806 filius
1229 3743 1334 3806 dei
1385 3753 1578 3805 natus
1625 3764 1713 3805 ex
1766 3744 2017 3824 virgine
2065 3753 2204 3806 est:
2259 3743 2440 3807 breui
2487 3745 2838 3808 interuallo

430 3832 784 3915 epiphanie
834 3831 1056 3894 intulit
1103 3831 1388 3894 festum:
1442 3851 1528 3893 ex
1585 3831 1999 3912 apparitione
2048 3829 2303 3893 domini
2359 3840 2833 3894 consecratum.

438 3920 516 3982 In
587 3939 722 4000 quo
798 3938 1115 4001 magnum
1194 3916 1346 3980 fidei
1424 3928 1645 3981 nostre
1710 3917 2065 3999 presidium
2132 3916 2549 3999 prouidentia
2610 3918 2837 3981 diuina

432 4006 817 4069 constituit:
893 4018 962 4068 vt
1023 4005 1184 4068 dum
1261 4004 1517 4066 solenni
1579 4005 2006 4066 veneratione
2068 4004 2373 4067 recolitur
2432 4004 2709 4067 adorata
2769 4006 2833 4068 in

432 4092 729 4173 exordijs
774 4093 910 4155 suis
958 4091 1630 4155 saluatoris·infantia
1680 4111 1797 4173 per
1844 4091 1987 4173 ipsa
2035 4091 2382 4173 originalia
2435 4091 2837 4155 documenta

433 4181 840 4261 probaretur,
871 4179 1005 4241 veri
1039 4178 1326 4241 hominis
1359 4179 1424 4240 in
1460 4176 1725 4241 Christo
1769 4187 1915 4241 orta
1963 4186 2215 4241 natura.
2311 4179 2464 4241 Hoc
2509 4189 2611 4241 est
2657 4180 2833 4242 enim

433 4267 614 4347 quod
647 4266 959 4329 iustificat
991 4266 1248 4348 impios,
1278 4264 1403 4328 hoc
1434 4272 1535 4328 est
1566 4264 1749 4347 quod
1775 4286 1862 4327 ex
1888 4265 2347 4347 peccatoribus
2371 4265 2529 4329 facit
2553 4274 2837 4342 sanctOS,

433 4355 486 4416 si
521 4355 587 4417 in
620 4374 754 4417 vno
784 4353 1157 4435 eodemque
1186 4353 1460 4415 domino
1498 4353 1645 4415 Iesu
1682 4351 1986 4416 Christo:
2032 4362 2100 4415 et
2131 4372 2286 4414 vera
2316 4353 2548 4429 deita3‚
2583 4363 2652 4416 et
2682 4372 2836 4415 vera

527 4488 546 4519 ¹
581 4489 923 4539 sermonibus:
966 4502 1042 4553 39.
1407 4485 1431 4517 ²
1461 4503 1664 4538 verum:
1700 4499 1780 4550 43.
2156 4486 2177 4516 ³
2208 4487 2512 4552 spopondit:
2549 4500 2628 4551 39.
2657 4496 2749 4538 etc.

527 4555 547 4585 ⁴
579 4571 708 4620 que:
746 4566 824 4618 39.
853 4563 946 4605 etc.
1405 4552 1426 4583 ⁵
1457 4554 1538 4604 die
1567 4565 1640 4603 12.
1671 4554 1728 4601 in
1752 4569 1817 4602 m.
1846 4573 1862 4602 .·
1894 4569 1987 4602 om.
2018 4551 2096 4615 38.
