3293 5225
506 447 596 498 168
990 450 1220 499 FERJA
1271 449 1357 499 VJ.
1397 450 1693 500 DOMINI
1692 449 1839 500 CAE
1872 451 2033 499 PEN
2037 451 2086 499 T
2078 450 2132 499 E
2138 451 2268 499 Cos
2274 451 2324 498 T
2317 451 2422 499 ES.

1048 659 1115 729 (Ι
1146 653 1259 717 Ex
1283 654 1450 717 actis
1476 651 1948 734 apostolorum}
2039 653 2253 716 Lectio
2284 654 2369 735 .z·j.

631 765 767 828 Vm
801 774 1057 828 teneret
1088 765 1341 829 autem2
1367 767 1635 829 Petrum
1670 776 1738 829 et
1768 767 2090 828 Ioannem
2241 775 2587 828 conuertat
2620 786 2690 828 se
2714 784 2911 827 vnus-

674 852 958 934 quisque
991 873 1030 915 a
1063 854 1361 935 nequitia
1392 873 1529 916 sua.

1110 997 1177 1067 (Ι
1219 991 1440 1055 Tertia
1468 991 1645 1054 lectio
1672 991 2017 1055 secundum
2049 989 2339 1053 Lucam-‘³⁶

592 1103 651 1165 N
702 1102 816 1165 illo
862 1112 1201 1185 tempore:
1265 1102 1672 1167 Conuocatis
1725 1103 1908 1165 Iesus
1954 1092 2307 1164 duodecim
2355 1101 2693 1184 discipulis
2740 1101 2913 1164 suis:

630 1189 815 1252 dedit
849 1189 975 1251 illis
999 1192 1312 1253 virtutem
1346 1203 1413 1252 et
1446 1200 1845 1272 potestatem
1881 1209 2080 1272 super
2102 1191 2328 1252 omnia
2361 1189 2712 1251 demonia:
2744 1198 2811 1250 et
2842 1197 2914 1250 vt

503 1276 854 1360 languores
882 1286 1205 1342 curarent.
1295 1277 1386 1340 Et
1415 1276 1683 1358 reliqua.

1023 1420 1090 1490 (Ι
1122 1411 1463 1487 Homelia†
1490 1414 1706 1477 sancte
1730 1413 1789 1475 Α
1804 1413 2076 1495 mbrosy
2096 1413 2373 1494 episcopi.

652 1525 844 1588 Valis
896 1525 1098 1590 debet
1162 1545 1308 1588 esse
1375 1526 1489 1607 qui
1548 1524 1968 1607 euangelizat
2029 1546 2305 1608 regnum
2364 1524 2530 1587 Dei:
2594 1524 2922 1607 preceptis

696 1613 1097 1694 euangelicis
1129 1611 1531 1694 designatur.
1623 1613 1720 1674 Vt
1752 1614 1892 1674 sine
1924 1613 2125 1693 virga,
2157 1614 2298 1674 sine
2332 1633 2505 1694 pera,
2536 1612 2678 1674 sine
2711 1611 2916 1673 calce-

505 1709 796 1775 ament0,
828 1700 967 1762 sine
1001 1720 1189 1782 pane,
1220 1701 1361 1761 sine
1408 1700 1705 1782 pecunia,
1736 1699 1863 1762 hoc
1908 1710 2009 1762 est
2055 1698 2329 1779 subsidij
2366 1698 2675 1761 secularis
2707 1698 2918 1761 admi-

508 1787 727 1850 nicula
783 1807 914 1849 non
976 1787 1332 1869 requirenS,
1386 1786 1650 1869 fideque
1713 1797 1894 1849 tutus
1951 1795 2138 1869 putet
2198 1787 2322 1848 sibi
2371 1807 2506 1867 quo
2568 1786 2786 1847 minus
2838 1805 2918 1846 ea

509 1875 825 1955 requiret‘
856 1875 1068 1958 magis
1117 1895 1311 1956 posse
1353 1883 1705 1956 suppetere
1738 1894 1866 1955 que
1900 1883 2176 1956 possunt
2221 1875 2334 1954 qui
2367 1872 2598 1935 volunt
2645 1873 2730 1934 ad
2764 1892 2916 1934 eum

507 1960 806 2023 deriuare
838 1969 1196 2024 tractatum
1223 1972 1293 2023 vt
1319 1961 1729 2043 spiritualem
1765 1962 2234 2023 tantummodo
2261 1960 2442 2022 locus
2470 1961 2591 2022 iste
2617 1959 2920 2021 videatur

511 2047 794 2111 formare
854 2046 1185 2111 affectum.
1279 2046 1410 2129 Qui
1465 2047 1649 2110 velut
1713 2049 2174 2111 indumentum
2229 2047 2568 2128 quoddam
2618 2046 2922 2108 videatur

508 2135 804 2216 corporis
851 2135 1155 2197 exuisse:
1218 2155 1349 2197 non
1415 2135 1627 2196 solum
1695 2144 2023 2217 potestate
2084 2135 2324 2197 reiecta
2385 2134 2920 2216 contemptisque

511 2221 800 2302 diuitijs:
855 2223 971 2285 sed
1025 2223 1227 2284 etiam
1285 2223 1498 2284 carnis
1556 2222 1759 2304 ipsius
1816 2221 2137 2284 illecebris
2199 2221 2567 2284 abdicatis.⁵
2660 2219 2920 2302 Quibus

510 2309 725 2391 primo
755 2310 1053 2371 omnium
1079 2311 1277 2371 datur
1308 2309 1489 2391 pacis
1521 2319 1722 2389 atque
1754 2309 2122 2371 constantie
2155 2309 2461 2388 generale
2495 2308 2921 2370 mandatum:

510 2405 581 2458 vt
628 2415 856 2478 pacem
906 2394 1135 2472 ferant,
1178 2397 1621 2459 constantiam
1670 2406 1973 2459 seruent:
2022 2394 2369 2477 hospitalis
2418 2393 2921 2458 necessitudinis

512 2483 651 2544 iura
704 2483 1119 2545 custodiant:
1173 2481 1463 2545 alienum
1518 2503 1558 2544 a
1613 2483 2022 2564 predicatore
2078 2483 2260 2565 regni
2312 2481 2573 2545 celestis
2625 2501 2925 2543 asserens

510 2570 827 2633 cursitare
870 2590 987 2652 per
1030 2570 1286 2646 domOS,
1317 2580 1384 2634 et
1429 2569 1829 2633 inuiolabilis
1876 2569 2143 2651 hospitij
2194 2571 2334 2633 iura
2382 2579 2638 2633 mutare
2685 2568 2820 2633 Sed
2856 2578 2926 2631 vt

513 2656 777 2739 hospitij
828 2658 1039 2736 gratia
1086 2657 1450 2720 deserenda
1497 2667 1819 2733 censetur,
1856 2659 1948 2720 ita
1994 2660 2195 2720 etiam
2244 2660 2297 2719 si
2347 2677 2478 2719 non
2529 2657 2927 2738 recipiantur

513 2745 988 2806 excutiendum
1039 2744 1395 2827 puluerem.
1445 2754 1511 2806 et
1570 2745 2047 2825 egrediendum
2097 2746 2180 2807 de
2227 2746 2496 2808 ciuitate
2553 2744 2925 2806 mandatur.

519 2829 674 2912 Quo
720 2851 852 2893 non
904 2832 1252 2894 mediocris
1300 2832 1457 2893 boni
1507 2831 1975 2894 remuneratio⁶
2021 2833 2295 2894 docetur
2346 2830 2616 2912 hospitij
2666 2840 2736 2892 vt
2791 2849 2921 2892 non

514 2919 730 2980 solum
786 2916 1046 3000 pacem⁷
1100 2920 1468 2982 tribuamus
1522 2919 1913 3001 hospitibuS‚
1969 2938 2194 2980 verum
2258 2920 2458 2980 etiam
2516 2919 2568 2979 si
2627 2938 2760 2999 qua
2813 2936 2928 2979 eos

519 3017 772 3067 terrene
803 3006 1251 3083 obumbrant,⁸
1283 3006 1526 3068 delicta
1561 3006 1866 3080 leuitatiS,
1899 3006 2179 3087 receptis
2225 3005 2587 3088 apostolice
2634 3004 2929 3086 predica-

518 3092 715 3154 tionis
780 3092 1078 3173 vestigijs
1141 3091 1515 3157 auferatur.⁹
1631 3093 1773 3154 Nec
1835 3094 2055 3155 ociose
2116 3093 2478 3154 secundum
2548 3091 2925 3154 Mattheum

516 3180 757 3241 domus
777 3198 977 3260 quam
1002 3181 1454 3259 ingrediantur
1474 3179 1757 3262 apostoli
1778 3180 2085 3260 eligenda
2106 3178 2514 3252 discernitur,
2533 3191 2604 3240 vt
2627 3177 2929 3240 mutandi

518 3264 785 3347 hospitij
846 3267 1480 3348 necessitudinisque
1527 3266 1837 3329 violande
1892 3287 2090 3329 causa
2153 3287 2283 3329 non
2347 3274 2676 3347 suppetat.
2772 3265 2926 3326 Non

527 3363 753 3415 tamen
779 3353 1012 3416 eadem
1040 3355 1260 3417 cautio
1287 3352 1661 3436 recepturi¹⁰
1685 3354 2041 3416 mandatur
2066 3352 2333 3435 hospitij
2364 3377 2376 3415 ε
2417 3353 2663 3415 nedum
2690 3352 2930 3433 hospes

517 3438 799 3519 eligitur,
828 3439 1248 3522 hospitalitas
1282 3446 1423 3523 ipsa
1458 3438 1856 3504 minuatur.ll

1601 3592 1847 3657 Oratio,

655 3704 837 3767 Deus
871 3705 982 3786 qui
1016 3704 1335 3768 hodierna
1368 3706 1475 3768 die
1505 3714 1609 3769 ete.
1641 3715 1715 3766 vt
1741 3717 1940 3786 supra
1965 3705 2033 3767 in
2066 3705 2170 3768 die
2189 3714 2580 3787 pentecostes.

824 3864 890 3934 (Ι
922 3859 1119 3921 Feria
1150 3859 1251 3921 .vi.
1285 3860 1362 3921 de
1391 3869 1631 3923 octaua.
1664 3859 1777 3922 Ex
1791 3858 2083 3942 genesi.12
2172 3859 2383 3922 Lectio
2401 3858 2648 3941 prima.

527 3969 918 4102 Cquue
950 3972 1377 4055 amplexatus
1411 3969 1842 4034 recidisset13
1827 3993 1890 4034 in
1919 3971 2162 4034 collum
2199 3972 2545 4035 Beniamin
2582 3970 2798 4033 fratris
2830 3971 2928 4033 sui

808 4070 875 4121 et
908 4060 1187 4122 totidem
1221 4060 1439 4120 asinas
1472 4059 1761 4121 triticum
1798 4060 1860 4120 in
1896 4060 2143 4135 itinere,
2177 4079 2512 4142 panesque
2544 4067 2900 4141 portantes,

618 4183 634 4215 ¹
671 4185 759 4246 [iii.
797 4198 885 4234 11-
890 4185 995 4248 26.]
1822 4184 1845 4215 ²
1878 4202 1904 4235 c
1908 4186 2084 4242 audus
2107 4195 2341 4235 sanatus:
2378 4187 2489 4235 add.
2519 4184 2598 4234 60.
2627 4184 2708 4236 61.

617 4250 639 4280 ³
673 4251 798 4316 Cap.
827 4264 874 4313 9.
906 4253 962 4300 in
987 4268 1052 4300 m.
1827 4250 1847 4281 ⁴
1881 4253 2134 4316 requirat:
2172 4265 2249 4315 39.
2280 4265 2359 4313 41.
2389 4250 2470 4299 60.
2499 4250 2578 4300 61.
2607 4250 2686 4313 63.
2715 4249 2795 4311 64.
2824 4250 2904 4300 66.

617 4314 639 4345 ⁶
670 4317 946 4366 addicatis:
982 4317 1063 4365 61.
1428 4314 1449 4346 ⁸
1484 4317 1848 4367 renumeratio:
1885 4316 1963 4380 38.
2347 4315 2629 4381 '‘tpatrem
2669 4315 2747 4365 66.

618 4379 640 4411 ⁸
672 4382 1071 4432 obumbrabant:
1109 4396 1187 4445 43.
1218 4381 1296 4431 66.
1827 4380 2197 4432 ”auferantun
2234 4394 2311 4445 39.
2342 4382 2420 4430 6¹.
2456 4381 2535 4441 64.

620 4445 660 4475 ¹⁰
692 4448 972 4511 receptori:
1009 4447 1087 4497 60.
1118 4447 1196 4497 61.
1826 4445 1863 4477 ¹¹
1900 4449 1975 4496 Te
1997 4448 2178 4497 deum:
2213 4448 2326 4496 add.
2355 4447 2434 4509 63.

621 4509 811 4573 1²[le-
848 4514 1047 4575 14-23.]
1831 4510 1870 4541 ¹³
1903 4513 2199 4562 cecidisset:
2239 4526 2316 4575 3.9
2347 4513 2425 4561 61.
2455 4511 2533 4572 64.
