3293 5225
566 370 663 434 356
1132 371 1184 418 S.
1230 369 1382 419 CHR
1393 367 1803 419 YSOGONUS:
1837 368 1889 417 S.
1936 367 2025 417 CA
2039 367 2397 418 THARINA.
2706 367 2893 430 [Nov.
2925 378 3006 432 25.

1104 553 1171 623 {I
1223 545 1670 628 Chrysogonus
1700 555 1967 627 martyr.
2059 546 2269 609 Lectio
2298 543 2437 627 .izj'.¹

574 657 1146 791 CHrysogonus
1208 658 1609 722 Diocletiani
1672 658 2088 741 imperatoris
2147 659 2325 721 iussu
2387 668 2749 742 propterea
2812 661 3007 740 quod

726 756 900 810 esset
948 746 1364 811 Christianus
1412 746 1628 808 Rome
1661 746 1791 807 iam
1842 745 2180 808 biennium
2216 746 2492 808 vinculis
2542 746 3009 828 premebatur,

568 843 800 897 sancta
877 834 1233 897 Anastasia
1313 833 1454 915 ipsi,
1527 841 1594 895 et
1679 832 1906 895 multis
1987 831 2134 913 alijs
2214 833 2588 896 christianis
2667 832 3009 897 alimenta

568 930 982 1003 suggerente.
1076 919 1245 985 Cum
1281 918 1743 983 Diocletianus
1774 940 1861 982 ex
1902 919 2215 1001 Aquileia
2265 919 2553 983 Romam
2603 921 2903 1003 scripsit,
2934 933 3010 985 vt

570 1009 803 1071 ceteris
847 1008 1237 1083 christianis,
1281 1007 1392 1089 qui
1455 1007 1659 1069 vincti
1712 1006 2258 1069 custodiebantur
2304 1006 2669 1070 intersectis
2721 1008 3007 1071 Chriso-

570 1114 785 1177 gonus
837 1095 923 1158 ad
974 1116 1044 1158 se
1106 1094 1565 1157 remitteretur.
1701 1092 2082 1175 Aquileiam
2160 1094 2363 1175 igitur
2426 1093 2693 1157 delatus
2761 1093 3008 1159 Cesari

571 1180 973 1264 prefecturas
1019 1190 1086 1244 et
1134 1200 1415 1262 magnos
1459 1180 1747 1243 honores
1792 1180 1933 1256 sibi,
1964 1181 2017 1242 si
2064 1180 2227 1244 deos
2270 1181 2576 1244 adoraret
2626 1181 3012 1263 pollicenti,

572 1268 913 1352 respondit
975 1292 989 1331 :
1048 1268 1279 1331 Vnum
1340 1269 1540 1331 deum
1604 1276 1828 1330 mente
1889 1266 2053 1343 colo,
2110 1288 2404 1346 veneror,
2455 1278 2523 1330 et
2583 1269 2824 1345 adore,
2876 1271 3014 1333 ista

571 1356 845 1419 deorum
952 1354 1368 1431 simulachra,
1462 1364 1784 1435 tanquam
1890 1354 2216 1417 malorum
2321 1354 2687 1418 demonum
2804 1356 3015 1421 sedes

570 1463 862 1516 execror,
908 1451 976 1505 et
1025 1442 1388 1505 abominor.
1495 1440 1688 1504 Tunc
1742 1442 2161 1523 imperatoris
2213 1442 2392 1504 iussu
2441 1442 2527 1505 ad
2582 1440 2841 1520 locum,
2897 1446 3012 1508 cui

571 1549 814 1592 nomen
876 1539 1017 1592 erat
1077 1528 1571 1611 Aquegradate,
1635 1528 1893 1604 ductuS‚
1945 1528 2202 1592 Ibidem
2262 1528 2631 1591 decollatus
2685 1541 2798 1593 est
2848 1532 3015 1613 xiij.

569 1615 881 1679 calendas
937 1616 1326 1679 Decembris
1375 1614 1579 1680 Cuius
1624 1635 1864 1698 corpus
1909 1616 1973 1677 in
2014 1635 2195 1678 mare
2227 1617 2615 1698 proiectum,
2645 1626 2716 1679 et
2753 1629 3018 1700 postea

570 1704 636 1765 in
713 1704 1129 1785 possessione
1205 1723 1334 1785 que
1411 1701 1651 1765 dicitur
1723 1702 1808 1765 ad
1885 1701 2148 1779 saltum,
2207 1723 2247 1765 a
2324 1701 2513 1766 Zoilo
2589 1704 3019 1786 presbytero

572 1790 940 1867 inuentum,
974 1791 1036 1852 in
1072 1790 1278 1853 domo
1309 1809 1428 1851 sua
1461 1788 1794 1872 sepultum
1828 1798 1946 1852 est.

1656 1926 1900 1990 Oratio,

573 2039 930 2167 ADesto
961 2039 1229 2103 domine
1262 2039 1856 2122 supplicationibus
1888 2039 2130 2101 nostris
2166 2062 2180 2102 ε
2211 2048 2283 2102 vt
2330 2040 2444 2121 qui
2490 2059 2581 2102 ex
2629 2040 3020 2123 iniquitate

743 2136 968 2189 nostra
999 2147 1147 2190 reos
1180 2146 1300 2188 nos
1331 2146 1474 2188 esse
1505 2126 1988 2208 cognoscimuS‚
2012 2126 2187 2189 beati
2216 2126 2637 2210 Chrysogoni
2674 2132 3023 2211 martyris

565 2214 661 2276 tui
697 2214 1164 2277 intercessione
1197 2213 1552 2275 liberemur
1583 2236 1596 2275 :
1629 2233 1760 2295 per.

822 2357 889 2427 (Ι
941 2347 1320 2415 Catherina²
1365 2349 1551 2431 virgo
1593 2357 1851 2430 martyr
1875 2349 2112 2431 duplex
2138 2348 2401 2415 mz'nm.³
2495 2349 2744 2415 Oratio,

578 2461 873 2591 DEuS,
903 2462 1015 2544 qui
1048 2461 1288 2525 dedisti
1337 2460 1552 2542 legem
1608 2460 1830 2542 Moysi
1887 2462 1952 2523 in
2003 2462 2389 2526 summitate
2442 2463 2696 2525 montis
2748 2462 3021 2530 Sinai:

740 2558 810 2612 et
863 2551 927 2611 in
983 2550 1220 2612 eodem
1277 2547 1424 2611 loco
1476 2568 1594 2631 per
1642 2557 1910 2610 sanctos
1957 2548 2232 2631 angelos
2285 2558 2437 2612 tuos
2480 2549 2752 2632 corpus*
2793 2551 3018 2618 beate

565 2635 923 2701 Catharine
954 2637 1227 2718 virginis
1273 2645 1340 2699 et
1386 2637 1695 2716 martyris
1740 2648 1854 2698 tue
1901 2635 2288 2699 mirabiliter
2333 2636 2672 2700 collocasti
2712 2653 3020 2721 :presta

563 2744 925 2806 quesumus
988 2747 1001 2786 ε
1061 2733 1133 2786 vt
1192 2724 1333 2785 eius
1395 2723 1646 2796 meritis
1707 2731 1774 2785 et
1837 2724 2303 2786 intercessione
2364 2723 2450 2787 ad
2513 2735 2826 2789 montem
2885 2731 3016 2810 qui

563 2810 867 2875 Christus
895 2821 1014 2886 est,
1047 2811 1390 2893 peruenire
1420 2810 1764 2872 valeamus
1797 2832 1811 2872 :
1842 2808 2000 2892 per.⁵

1574 2949 1788 3013 Lectio
1818 2950 1928 3031 ‚iifl

569 3050 1029 3182 CAtharina
1059 3051 1247 3132 virgo
1282 3049 1749 3114 Alexandrina
1779 3048 1972 3113 claris
2018 3050 2352 3114 natalibus
2399 3062 2565 3127 orta,
2596 3050 3014 3119 liberalibus

721 3138 1085 3222 disciplinis
1130 3139 1216 3202 ab
1264 3139 1534 3201 ineunte
1580 3146 1780 3213 etate,
1811 3147 1880 3199 et
1925 3138 2170 3200 sanctis
2216 3138 2509 3201 moribus
2556 3138 2893 3216 instituta,
2932 3143 3009 3206 in

562 3246 710 3289 eam
744 3224 1115 3288 sanctitatis
1147 3235 1215 3289 et
1260 3225 1559 3287 doctrine
1607 3224 2136 3305 magnitudinem
2183 3225 2414 3299 euasit,
2443 3234 2514 3288 vt
2559 3245 2777 3289 annos
2828 3238 3009 3292 nata

565 3313 795 3375 decem
829 3322 896 3376 et
941 3322 1095 3376 octo
1126 3312 1546 3375 doctissimos
1578 3311 1782 3374 etiam
1817 3311 1989 3374 viros
2019 3320 2087 3374 et
2133 3312 2564 3394 grauissimos
2596 3326 2960 3393 superaret
2986 3340 3004 3379 ε

564 3409 756 3463 tanto
786 3398 1010 3463 studio
1042 3399 1329 3482 flagrans
1362 3398 1736 3462 Christiane
1769 3399 2053 3479 pietatiS,
2082 3408 2153 3461 vt
2185 3419 2335 3461 cum
2373 3398 2705 3479 Maxentij
2741 3401 3004 3466 seuitia

564 3486 810 3550 multos
858 3486 1383 3550 Christianorum
1430 3486 1515 3548 ad
1577 3484 1901 3568 supplicia
1945 3494 2012 3548 et
2060 3505 2289 3548 necem
2336 3485 2628 3549 abstrahi
2676 3489 3000 3551 animad-

566 3584 869 3650 uerteret,
915 3594 1047 3637 non
1095 3573 1499 3637 dubitauerit
1562 3572 1780 3654 ipsum
1828 3573 2026 3642 adire,
2074 3573 2425 3654 eidemque
2487 3574 2997 3640 immanitatem

565 3662 1111 3743 impietatemque
1170 3660 1576 3742 grauissimis
1636 3668 1704 3722 et
1773 3660 2175 3722 doctissimis
2236 3659 2453 3722 verbis
2511 3661 3000 3743 improperare.

567 3748 771 3812 Cuius
801 3748 1197 3830 sapientiam
1232 3757 1298 3809 et
1343 3747 1789 3809 constantiam
1822 3746 2185 3809 demiratus
2234 3746 2625 3810 Maxentius
2655 3751 2997 3812 asseruari

565 3856 712 3899 eam
761 3835 960 3911 iubet,
1004 3844 1071 3897 et
1117 3855 1204 3897 ex
1251 3835 1449 3915 varijs
1497 3834 1877 3914 regionibus
1924 3833 2096 3895 viros
2141 3833 2562 3897 doctissimos
2606 3837 2995 3911 conuocari,

568 3943 816 4004 magno
877 3924 1131 4005 premio
1192 3922 1536 4003 proposito
1597 3921 1650 3983 si
1711 3921 1859 4002 quis
1921 3918 2351 3984 Catharinam
2414 3922 2830 3997 conuicisset,
2892 3925 2997 3986 et⁸

566 4010 881 4091 religione
945 4008 1423 4074 Cristianorum
1485 4007 1850 4070 auertisset.
1970 4007 2169 4089 Quod
2233 4008 2429 4089 longe
2489 4028 2680 4071 secus
2738 4012 2994 4073 euenit.

572 4096 826 4160 Habita
870 4097 1048 4159 enim
1099 4097 1297 4176 longa
1338 4115 1490 4158 cum
1537 4095 2044 4178 quinquaginta,
2073 4096 2186 4176 qui
2233 4106 2700 4170 conuenerant,
2734 4095 2990 4159 doctis-

567 4184 750 4246 simis
783 4183 1195 4265 philosophis
1227 4182 1717 4264 disputatione:
1748 4202 1982 4244 omnes
2012 4191 2359 4263 superatos
2391 4184 2474 4246 ad
2508 4181 2734 4245 christi
2779 4183 2991 4248 fidem

662 4306 678 4336 ¹
715 4307 782 4355 di.
813 4319 890 4366 24.
920 4308 978 4354 in
1014 4322 1077 4354 m.
1868 4301 1891 4333 ²
1932 4305 1982 4352 Τ
1975 4305 2074 4352 lms
2094 4306 2198 4353 also
2218 4317 2318 4368 43:
2355 4304 2659 4355 Catharina:
2698 4305 2778 4370 38.
2808 4317 2906 4357 etc.

661 4371 682 4402 ³
714 4371 781 4422 di.
812 4382 889 4434 25.
922 4372 978 4420 in
1015 4388 1079 4420 m.
1869 4368 1890 4399 ⁴
1921 4386 2012 4418 om.
2044 4367 2120 4433 38.

664 4436 684 4466 ³
717 4436 929 4487 eundem
953 4436 1213 4486 dominum
1237 4444 1493 4485 nostrum:
1530 4437 1640 4484 add.
1681 4447 1761 4498 43.
1791 4444 1884 4484 etc.
2205 4432 2228 4465 ⁸
2258 4451 2323 4485 a:
2359 4437 2472 4487 add.
2501 4448 2580 4499 39.
2608 4449 2691 4497 41.
2720 4436 2804 4486 61.
2832 4437 2917 4502 63.
