3293 5225
906 503 1133 551 FERJA
1184 504 1235 552 V.
1278 503 1716 553 DOAIINICAE
1750 505 2297 555 PENTECOSTES.
2721 506 2810 567 167

947 712 1013 782 (I
1045 706 1156 768 Ex
1182 708 1341 769 actis
1369 706 1832 787 apostolorum.¹
1927 708 2142 770 Lectio
2174 709 2238 789 ij.

415 833 545 960 H
571 834 1185 983 I{·aute{n·llauditis
1224 836 1607 916 compuncti
1651 846 1803 897 sunt
1852 836 2048 898 corde
2197 837 2260 897 in
2310 857 2390 898 eo
2422 838 2601 918 quod
2649 857 2806 899 con-

640 941 815 1002 igera
882 943 899 982 1
957 942 989 982 1.

954 1090 1020 1160 (I
1065 1084 1286 1146 Tertia
1319 1084 1496 1146 lectio
1526 1085 1872 1146 secundum
1905 1083 2256 1147 Ioannem?

485 1211 544 1272 N
597 1211 709 1273 illo
756 1221 1094 1294 tempore:
1146 1212 1341 1274 Dixit
1394 1213 1578 1275 Iesus
1627 1213 1836 1274 turbis
1873 1212 2267 1275 Iudeorum:
2318 1213 2535 1275 Nemo
2584 1222 2805 1295 potest

523 1300 745 1360 venire
772 1301 855 1361 ad
885 1320 989 1361 me
1018 1300 1138 1360 nisi
1164 1309 1351 1380 pater
1376 1300 1485 1380 qui
1514 1301 1691 1361 misit
1720 1320 1844 1375 me,
1864 1299 2143 1362 traxerit
2169 1320 2338 1362 eum.
2419 1300 2508 1362 Et
2535 1301 2804 1381 reliqua.

919 1467 985 1537 (I
1016 1461 1097 1523 H
1094 1459 1366 1542 amelini·
1395 1462 1607 1523 sancti
1632 1462 1694 1522 A
1708 1462 2009 1542 agustini
2047 1461 2324 1542 episcopi.

548 1591 683 1652 Vid
733 1600 849 1664 est,
882 1611 1081 1652 nemo
1128 1599 1347 1672 potest
1378 1591 1600 1652 venire
1649 1591 1733 1651 ad
1784 1610 1889 1651 me
1938 1590 2058 1651 nisi
2108 1591 2220 1670 qui
2254 1590 2434 1653 misit
2470 1610 2577 1652 me
2617 1600 2808 1672 pater

593 1679 871 1739 traxerit
896 1698 1046 1739 eum
1071 1683 1096 1739 Ρ
1195 1676 1313 1738 Ille
1337 1679 1517 1739 venit
1544 1697 1741 1758 quem
1770 1677 1985 1758 gratia
2013 1677 2137 1739 Dei
2167 1678 2487 1758 preuenit,
2512 1679 2624 1759 qui
2651 1698 2802 1740 cum

401 1765 726 1846 propheta
758 1766 915 1826 dicit
963 1765 1411 1826 misericordia
1444 1765 1583 1826 eius
1618 1764 1958 1844 prcueniet
2007 1785 2129 1825 me.
2226 1765 2568 1827 Preueniet
2601 1765 2805 1827 velle:

402 1851 841 1932 subsequetur
872 1852 1197 1933 perficere.
1292 1851 1525 1913 Trahit
1574 1860 1760 1933 pater
1790 1851 1874 1913 ad
1924 1849 2130 1913 filium
2165 1872 2278 1913 eos
2309 1853 2420 1932 qui
2457 1861 2806 1933 propterea

400 1940 678 2001 credunt
714 1941 778 2001 in
812 1938 1039 2013 filium,
1064 1940 1219 2021 quia
1244 1959 1394 2000 eum
1421 1940 1720 2020 cogitant
1755 1948 2009 2020 patrem
2037 1937 2278 2000 habere
2311 1943 2529 2001 deum.
2624 1939 2807 2001 Deus

401 2026 574 2087 enim
606 2036 794 2107 pater
823 2027 1127 2107 equalem
1155 2027 1275 2088 sibi
1302 2026 1532 2107 genuit
1565 2025 1789 2088 filium.
1885 2026 1973 2087 Et
2007 2027 2118 2106 qui
2145 2027 2396 2107 cogitat
2429 2035 2544 2088 aut
2578 2027 2640 2086 in
2678 2025 2806 2087 fide

398 2132 520 2174 sua
551 2115 752 2175 sentit
797 2123 863 2175 et
911 2113 1200 2175 ruminat
1231 2113 1535 2194 equalem
1584 2132 1728 2174 esse
1777 2114 1944 2194 patri
1994 2132 2144 2174 cum
2195 2113 2257 2174 in
2308 2132 2506 2193 quem
2556 2114 2804 2175 credit:

398 2200 614 2281 ipsum
651 2200 850 2262 trahit
885 2211 1072 2281 pater
1101 2200 1186 2261 ad
1214 2199 1438 2262 filium.
1532 2200 1766 2262 Arrius
1789 2199 2067 2261 credidit
2099 2210 2465 2261 creaturam
2493 2220 2624 2261 non
2650 2219 2803 2261 eum

400 2288 606 2348 traxit
654 2298 857 2368 pater,
889 2288 1044 2367 quia
1092 2307 1223 2349 non
1273 2286 1648 2348 considerat
1697 2298 1949 2366 patrem
2002 2287 2114 2368 qui
2164 2286 2367 2349 filium
2418 2307 2548 2348 non
2599 2288 2805 2349 credit

400 2375 702 2455 equalem
733 2398 745 2436 :
781 2373 960 2455 Quid
990 2373 1153 2435 dicis
1186 2395 1226 2435 o
1255 2374 1455 2436 Arri?
1532 2373 1713 2455 Quid
1741 2374 2027 2436 heretice
2061 2373 2394 2454 loqueris?
2488 2372 2669 2455 Quid
2701 2385 2806 2437 est

401 2460 750 2523 Christus?
845 2462 994 2522 Non
1030 2461 1328 2542 (inquit)³
1357 2461 1539 2522 Deus
1563 2481 1788 2522 verus:
1822 2461 1937 2522 sed
1965 2480 2162 2541 quem
2201 2461 2352 2523 fecit
2386 2461 2570 2523 Deus
2597 2482 2805 2523 verus,

402 2547 553 2609 Non
603 2558 670 2609 te
716 2549 921 2609 traxit
957 2561 1160 2630 pater.
1254 2549 1407 2609 Non
1455 2549 1630 2609 enim
1668 2547 2040 2610 intellixisti
2074 2558 2328 2630 patrem
2363 2550 2548 2610 cuius
2597 2546 2803 2610 filium

400 2656 619 2717 negas
712 2635 918 2698 Aliud
966 2637 1255 2716 cogitas:
1304 2656 1435 2697 non
1484 2646 1585 2698 est
1633 2637 1774 2717 ipse
1821 2635 2011 2712 filius,
2045 2656 2162 2697 nec
2195 2657 2233 2696 a
2267 2646 2453 2717 patre
2486 2637 2804 2698 traheris:

399 2743 518 2785 nec
551 2724 635 2784 ad
671 2722 877 2784 filium
913 2723 1205 2785 traheris
1301 2722 1505 2784 Aliud
1540 2733 1639 2784 est
1670 2724 1846 2784 enim
1885 2722 2053 2784 filius
2086 2723 2263 2785 aliud
2299 2723 2479 2803 quod
2515 2735 2586 2784 tu
2622 2724 2801 2786 dicis,

400 2810 676 2872 Fotinus
726 2810 938 2871 dixit:
985 2810 1187 2871 homo
1220 2810 1397 2871 solus
1446 2809 1746 2873 Christus
1777 2819 1896 2885 est,
1929 2830 2059 2871 non
2096 2812 2220 2871 est⁴
2254 2811 2434 2871 deus,
2529 2809 2662 2891 Qui
2709 2812 2802 2872 sic

394 2896 640 2959 credit:
675 2917 805 2958 non
844 2908 1031 2978 pater
1055 2917 1203 2958 eum
1240 2898 1461 2960 traxit.
1556 2896 1775 2977 Quem
1804 2906 1991 2978 pater
2023 2897 2267 2958 traxit:
2302 2907 2371 2958 tu
2406 2917 2476 2958 es
2503 2896 2805 2959 Christus

397 2983 566 3045 filius
604 2984 728 3045 Dei
762 2984 912 3046 viui.
1008 2984 1067 3045 N
1075 3004 1160 3045 on
1194 2984 1361 3046 sicut
1396 2985 1719 3065 propheta
1755 3004 1884 3045 non
1920 2985 2086 3046 sicut
2125 2984 2429 3058 IoanneS‚
2463 3003 2596 3045 non
2632 2984 2803 3046 sicut

396 3071 632 3152 aliquis
661 3091 942 3152 magnus
969 3071 1176 3132 iustus
1203 3094 1216 3133 :
1243 3072 1358 3132 sed
1387 3072 1555 3132 sicut
1580 3072 1812 3132 vnicus
1837 3072 2004 3133 sicut
2030 3070 2283 3151 equalis
2310 3082 2379 3133 tu
2405 3090 2476 3132 es
2502 3069 2803 3134 Christus

396 3158 565 3220 filius
594 3158 718 3220 Dei
746 3159 877 3220 viui
906 3158 1083 3219 Vide
1108 3158 1264 3238 quia
1289 3166 1537 3219 tractus
1561 3168 1663 3220 est
1688 3179 1699 3219 :
1735 3169 1800 3219 et
1827 3178 1864 3218 a
1893 3167 2078 3240 patre
2102 3167 2352 3219 tractus
2377 3167 2492 3219 est.
2559 3158 2804 3220 Beatus

394 3266 463 3307 es
512 3245 743 3308 Simon
779 3244 1090 3307 bariona:
1138 3245 1294 3324 quia
1342 3245 1457 3306 tibi
1492 3265 1625 3307 non
1673 3244 1986 3306 reuelauit
2034 3264 2186 3305 caro
2219 3257 2284 3306 et
2332 3245 2637 3327 sanguis:
2684 3247 2800 3308 sed

394 3343 581 3413 pater
614 3352 799 3393 meus
832 3332 942 3412 qui
979 3331 1043 3392 in
1077 3332 1235 3393 celis
1266 3341 1382 3393 est.
1482 3332 1618 3393 Ista
1652 3331 1986 3406 reuelati0‚
2020 3332 2163 3412 ipsa
2195 3342 2296 3394 est
2328 3333 2680 3394 attractio⁵

1479 3493 1723 3557 Oratio.

575 3625 783 3687 Entes
805 3633 1064 3685 nostras
1089 3642 1448 3703 quesumus
1470 3622 1739 3684 domine
1767 3622 2136 3704 paracletus
2161 3645 2172 3683 :
2199 3623 2311 3704 qui
2338 3644 2375 3684 a
2399 3631 2463 3684 te
2487 3625 2807 3704 procedit,

614 3712 972 3773 illuminet:
1018 3720 1083 3771 et
1131 3711 1399 3772 inducat
1450 3710 1510 3770 in
1560 3729 1830 3771 omnem
1866 3710 2031 3770 sicut
2080 3720 2229 3771 tuus
2278 3711 2581 3791 promisit
2630 3710 2800 3773 filius

405 3800 790 3862 veritatem:
821 3798 932 3878 qui
969 3810 1205 3859 tecum.
1302 3798 1378 3857 ln
1413 3795 1691 3858 vnitate⁰
1723 3798 2037 3858 eiusdem.

589 3981 653 4050 (Ι
687 3974 885 4037 Feria
915 3974 1146 4055 quinta
1177 3973 1255 4034 de
1283 3981 1523 4033 octaua.
1616 3970 1728 4032 Ex
1760 3968 2031 4032 Genesi.⁷
2119 3970 2334 4033 Lectio
2349 3970 2594 4052 prima.

404 4103 532 4231 N
556 4102 664 4165 On
699 4123 767 4163 se
810 4110 1069 4249 {loterat
1102 4101 1271 4161 vltra
1303 4098 1608 4161 cohibere
1649 4098 1889 4180 Ioseph
2037 4098 2345 4162 festinate
2376 4109 2444 4162 et
2490 4099 2802 4164 adducite

597 4210 746 4250 eum
782 4209 819 4250 a
903 4208 1024 4249 me.

488 4373 501 4403 ¹
539 4374 609 4433 [ii.
642 4374 838 4435 37—iii.
875 4375 975 4433 10.]
1693 4370 1714 4398 ²
1748 4370 1835 4418 Ca.
1867 4371 1911 4418 6.
1944 4373 1998 4417 in
2025 4387 2088 4418 m.

484 4438 503 4467 ³³
538 4440 733 4504 inquis:
773 4451 850 4501 39.
880 4452 959 4497 41.
990 4438 1067 4486 60.
1099 4437 1176 4486 61.
1693 4434 1711 4463 ⁴
1745 4448 1825 4483 et:
1863 4438 1972 4483 add.
2004 4447 2080 4498 39.
2111 4435 2190 4483 60.
2220 4435 2298 4484 61.
2329 4434 2408 4495 64.

485 4504 504 4531 ⁵
538 4506 611 4553 Te
634 4505 780 4552 deum
806 4523 817 4553 ε
854 4506 963 4551 add.
993 4503 1071 4564 63.
1690 4501 1710 4528 ⁰
1746 4501 1981 4549 vnitatem
2007 4519 2018 4548 :
2059 4514 2134 4562 39.

482 4569 501 4599 Ἰ
538 4571 659 4633 Cap.
690 4581 766 4631 45.
800 4571 855 4616 in
881 4587 945 4617 m.
976 4569 1094 4628 [xlv.
1132 4569 1296 4629 1-13.]
