3293 5225
1245 1239 1313 1310 ΕΙ
1360 1229 1839 1298 OFFICIUM

1315 1409 1779 1489 defunctorum.

469 1539 537 1610 ΙΙ
585 1534 935 1598 Sciendum
997 1533 1174 1615 quod
1225 1532 1498 1615 officium
1561 1534 2006 1613 defunctorum
2069 1532 2315 1595 dicitur
2372 1541 2628 1594 tantum
2683 1530 2754 1592 in

336 1623 620 1684 crastino
649 1621 937 1682 omnium
969 1630 1359 1696 sanctorum,
1389 1631 1451 1682 et
1501 1621 1572 1682 in
1626 1620 2015 1702 quibusdam
2063 1620 2261 1682 sextis
2289 1619 2497 1700 fertjs
2548 1618 2751 1701 quad-

341 1708 669 1790 ragesime,
722 1705 815 1769 vt¹
869 1708 1010 1769 suis
1056 1707 1208 1769 locis
1254 1708 1623 1771 adnotatur.
1715 1706 2210 1769 Aduertena’um
2241 1716 2455 1768 tamen
2486 1704 2663 1787 quod
2683 1706 2754 1767 in

337 1795 620 1856 crastino
679 1795 968 1856 omnium
1032 1804 1401 1857 sanctorum
1463 1794 1776 1857 dicuntur
1829 1806 2080 1875 vespere
2129 1815 2272 1855 cum
2324 1793 2648 1855 matutino
2695 1801 2758 1853 et

337 1882 658 1958 laudibus,
719 1891 792 1943 vt
849 1881 947 1943 ibi
1001 1879 1290 1958 videbis?
1351 1882 1420 1942 in
1468 1882 1668 1944 sextis
1717 1892 1932 1943 autem
1974 1881 2182 1962 serijs
2239 1880 2555 1962 predictis
2627 1899 2751 1941 non

335 1968 650 2030 dicuntur
673 1980 940 2049 vespere,
969 1967 1089 2029 sed
1112 1978 1368 2030 tantum
1403 1969 1801 2031 matutinum
1831 1990 1974 2031 cum
2004 1969 2145 2030 suis
2172 1966 2492 2030 laudibus,

464 2060 532 2131 ΙΙ
575 2055 962 2118 Notandum
1007 2065 1301 2136 preterea
1358 2055 1533 2136 quod
1582 2054 1929 2136 antiphone
1984 2055 2295 2117 dicuntur
2364 2054 2609 2135 integre
2683 2053 2754 2114 in

321 2142 653 2224 principio
683 2153 745 2204 et
774 2143 843 2203 in
860 2142 1021 2223 fine,
1052 2142 1591 2223 quemadmodum
1623 2142 1694 2204 in
1716 2142 1915 2221 festis
1945 2140 2317 2222 duplicibus.

459 2234 533 2305 ΙΙ
599 2228 859 2310 Vespere
888 2229 1183 2291 omnibus
1212 2228 1367 2309 alifis
1404 2229 1848 2309 pretermissis
1893 2228 2175 2290 absolute
2222 2227 2630 2309 incipiuntur
2671 2226 2753 2289 ab

330 2315 690 2396 antiphona
721 2316 1161 2396 infrascripta.

467 2402 528 2464 A
539 2403 862 2482 nttpltona.
952 2401 1251 2465 Collocet
1280 2421 1397 2464 eos
1427 2401 1739 2464 dominus
1771 2423 1921 2464 cum
1956 2401 2362 2484 principibus
2383 2400 2610 2484 populi
2631 2403 2748 2464 sui.

468 2489 720 2550 Deinde
749 2489 1059 2550 dicuntur
1086 2498 1214 2551 tres
1244 2487 1676 2570 infrascripti3
1692 2489 1985 2570 psalmi*

475 2574 700 2638 Dilexi
733 2577 1077 2657 quoniam³
2516 2576 2615 2657 fo.
2657 2574 2751 2640 16.

473 2662 585 2724 Ad
619 2663 966 2725 dominum
1000 2684 1151 2726 cum
1186 2662 1557 2727 tribularer⁶
2513 2664 2616 2744 so.
2651 2679 2749 2743 33.

474 2749 578 2811 De
612 2749 956 2832 profundis
988 2748 1299 2813 clamaui⁷
2509 2750 2612 2830 s0.
2651 2763 2749 2829 57.

476 2834 725 2912 Quibus
752 2837 1148 2919 adiungitur
1171 2838 1502 2900 canticum.
1600 2835 1995 2919 Magnificat
2530 2837 2657 2917 fol.
2689 2853 2747 2915 9.

466 2928 534 2999 ΙΙ
585 2923 934 2985 Sciendum
993 2934 1088 2986 est
1131 2934 1347 2985 autem
1401 2924 1579 3005 quod
1623 2924 1695 2986 in
1749 2922 1944 3004 officio
1995 2925 2444 3005 defunctorum
2499 2924 2569 2985 in
2605 2923 2750 3005 fine

333 3010 671 3073 cuiuslibet
728 3010 982 3091 psalmi
1036 3011 1280 3073 dicitur
1335 3032 1574 3074 versus.
1670 3011 1996 3091 Requiem
2057 3021 2355 3074 eternam
2418 3009 2595 3073 dona
2655 3011 2750 3073 eis

333 3096 626 3160 domine.
715 3095 823 3169 ,RS
870 3098 961 3160 Et
992 3097 1110 3160 lux
1145 3108 1463 3180 perpetua
1495 3097 1712 3161 luceat
1741 3099 1854 3159 eis.

468 3184 690 3246 Finito
718 3185 957 3246 cantico
992 3183 1380 3266 Magnificat
1412 3184 1722 3265 repetitur
1743 3183 2096 3265 antiphona
2123 3184 2574 3266 suprascripta.

469 3271 722 3333 Deinde
749 3270 996 3333 dicitur
1025 3272 1218 3334 Pater
1250 3281 1485 3334 noster.
1594 3268 1844 3334 Versus.
1936 3271 2027 3333 Et
2059 3292 2141 3334 ne
2174 3292 2311 3335 nos,

473 3357 608 3420 Sed
642 3357 845 3420 libera
878 3378 999 3420 nos
1030 3379 1070 3420 a
1103 3359 1297 3421 malo,

467 3446 545 3505 ff,
597 3444 661 3506 A
694 3455 886 3527 porta
918 3445 1123 3508 inferi.
1213 3448 1291 3517 R.
1341 3444 1519 3507 Erue
1551 3443 1821 3506 domine
1852 3445 2111 3506 animas
2155 3465 2401 3509 eorum.

483 3530 731 3594 Versus.
769 3531 1060 3594 Domine
1090 3531 1337 3595 exaudi
1371 3530 1768 3613 [orationem
1806 3530 2073 3612 meam}

469 3621 549 3690 R.
585 3618 675 3681 Et
706 3618 957 3681 clamor
989 3639 1176 3682 meus
1207 3618 1292 3681 ad
1326 3628 1391 3681 te
1423 3619 1662 3680 veniat.

467 3705 701 3767 Postea
730 3705 1041 3767 dicuntur
1088 3715 1216 3767 tres
1263 3704 1679 3786 infrascripte
1729 3705 2045 3766 orationes
2089 3704 2208 3767 sub
2254 3725 2387 3767 vna
2440 3707 2746 3768 termina-

330 3790 517 3854 tione.

1413 3914 1659 3979 Oratio.

349 4037 644 4168 DEuS,
692 4041 805 4121 qui
840 4040 1010 4102 inter
1039 4040 1442 4138 apostolicos
1472 4039 1852 4102 sacerdotes
1884 4038 2169 4103 famulos
2201 4050 2351 4104 tuos
2382 4042 2746 4124 pontificali

528 4147 642 4189 seu
674 4126 1062 4189 sacerdotali
1098 4126 1305 4189 fecisti
1339 4126 1667 4208 dignitate
1715 4128 1953 4210 vigere,
1986 4138 2206 4209 presta
2252 4150 2629 4210 quesumus»,
2677 4141 2748 4193 vt

328 4233 562 4276 eorum
596 4233 860 4294 quoque
891 4223 1212 4295 perpetuo
1243 4222 1690 4295 aggregentur
1720 4216 2067 4277 consortio,

431 4399 446 4429 ¹
484 4401 541 4475 in
561 4414 578 4448 .·
610 4399 721 4447 add.
752 4397 829 4462 38.
1313 4396 1335 4427 ²
1368 4400 1596 4447 m'debitis
1610 4413 1628 4446 .·
1662 4398 1740 4463 38.
2226 4400 2248 4431 ³
2280 4418 2375 4453 om.
2404 4416 2481 4465 39.
2512 4417 2570 4465 41
2578 4441 2590 4453 .

428 4462 449 4493 ⁴
482 4466 736 4512 mdclecet:
769 4466 879 4513 add
911 4476 987 4527 39.
1018 4477 1096 4525 41.
1309 4462 1331 4491 ὓ
1363 4464 1466 4523 [Ps.
1503 4466 1635 4524 114]
2222 4465 2244 4497 ⁶
2277 4468 2378 4527 [Ps.
2415 4471 2549 4531 119.]

430 4528 450 4560 ⁷
484 4531 588 4589 [Ps.
625 4531 757 4590 129.]
1309 4526 1333 4557 ⁸
1363 4546 1456 4578 om.
1488 4542 1564 4592 39.
1594 4542 1674 4591 4¹·

427 4610 484 4657 Β.
522 4612 584 4658 R.
623 4609 690 4659 N.
1589 4656 1595 4663 .
2349 4617 2384 4662 2
2438 4615 2486 4662 D
