3293 5225
627 416 723 470 354
1103 406 1557 456 PRAESENTA
1570 407 1694 457 Tlo
1725 406 1875 456 AM.
1896 407 1950 456 V.
2056 409 2111 457 S.
2155 407 2524 457 CAEcle.
2753 404 2908 466 [nov.
2935 415 2997 451 υ.

1012 616 1079 686 (Ι
1123 610 1532 674 Prosentatzo
1561 608 1796 673 lmarie
1824 608 2131 692 virginisl
2162 609 2396 693 duplex
2424 610 2655 673 maius.

755 720 840 784 In
869 720 984 785 hoc
993 722 1170 802 festo
1198 720 1432 804 hymni
1452 732 1519 785 et
1542 721 1891 804 antiphone
1928 723 2239 785 deb-untur
2279 732 2353 785 vt
2393 722 2463 783 in
2508 721 2650 784 eius
2692 718 3011 783 natiuitate

630 817 876 872 mutato
907 808 977 871 in
1008 809 1363 891 antiphona
1393 810 1651 872 nomine
1682 810 2059 872 natiuitatis·
2088 810 2157 871 in
2191 830 2414 871 nomen
2431 806 2941 890 presentationis.

1719 958 1964 1022 Oratim

646 1068 924 1197 DEus
949 1071 1095 1169 ,qui
1156 1080 1456 1134 sanctam
1526 1079 1712 1133 tuam
1788 1071 2175 1153 genitricem
2253 1070 2755 1133 tabernaculum
2833 1067 3015 1167 sancti

808 1166 1075 1238 spiritus
1128 1167 1280 1240 post
1328 1158 1687 1220 triennium
1745 1158 1810 1220 in
1861 1156 2115 1239 templo
2163 1156 2270 1220 dei
2324 1157 2687 1239 presentari
2730 1155 3018 1218 voluisti:

630 1251 851 1324 presta
882 1263 1259 1325 quesumuS,
1276 1254 1348 1307 vt
1380 1245 1493 1325 qui
1524 1245 1668 1307 eius
1700 1244 2211 1326 presentationis
2242 1242 2409 1306 festa
2442 1243 2816 1318 recolimu3‚
2839 1241 3019 1324 ipsius

630 1330 1094 1394 intercessione
1125 1331 1211 1394 ad
1244 1330 1589 1413 templum,
1621 1332 1735 1412 qui
1782 1329 2052 1405 cristus†
2091 1329 2236 1407 est,53
2269 1332 2334 1393 in
2382 1331 2607 1393 celesti
2653 1331 2868 1412 gloria
2899 1348 3019 1410 pre-

629 1418 874 1480 sentari
906 1437 1293 1495 mereamur,
1323 1419 1455 1500 qui,
1484 1416 1635 1481 etc.⁸

1242 1561 1309 1631 (Ι
1354 1554 1478 1616 Aa'
1499 1554 1900 1617 matutinum
1931 1554 2434 1617 z'nuitatorium.⁴

761 1665 1327 1730 Presentationem
1376 1667 1651 1748 virginis
1698 1666 1903 1729 marie
1949 1665 2374 1729 celebremus,
2496 1663 2844 1728 Christum
2904 1663 3026 1726 eius

629 1750 833 1816 filium
867 1753 1220 1816 adoremus
1250 1752 1617 1817 dominum.

1655 1901 1868 1965 Lectio
1899 1902 2010 1983 dij.

644 2014 932 2143 BEata
976 2015 1164 2095 virgo
1211 2014 1436 2089 maria,
1466 2033 1597 2094 que
1645 2015 1898 2095 peperit
1946 2013 2179 2076 mundi
2226 2012 2739 2095 redemptorem,
2785 2022 2860 2075 vt
2905 2021 3029 2074 erat

784 2102 986 2164 etiam
1040 2109 1400 2181 antequam
1457 2101 1522 2162 in
1579 2099 1749 2162 luce⁵
1801 2100 2122 2175 ederetur,
2153 2099 2350 2183 plena
2402 2100 2634 2182 gratia,
2663 2120 2746 2162 ac
2791 2098 3030 2182 peccati

627 2189 849 2251 omnis
901 2189 1231 2264 immuniS,
1262 2188 1354 2249 sic
1405 2188 1471 2249 in
1513 2188 1698 2249 omni
1751 2196 1931 2250 etate
1980 2187 2300 2269 prebebat
2345 2207 2593 2268 magna
2638 2186 3033 2250 documenta

630 2276 823 2338 insite
854 2275 1114 2339 virtutis
1143 2284 1210 2337 et
1240 2275 1469 2356 gratie.
1547 2275 1935 2337 Presentata
1967 2275 2166 2354 igitur
2195 2275 2384 2354 quasi
2423 2274 2659 2336 mulier
2689 2274 2828 2336 iam
2853 2273 3034 2337 etatis

631 2372 941 2445 prouecte
975 2363 1039 2424 in
1073 2361 1325 2443 templo
1356 2361 1641 2443 supplex
1675 2361 2021 2424 dominum
2054 2360 2394 2436 adorabat,
2412 2381 2491 2423 ac
2516 2361 2582 2423 in
2602 2360 2712 2423 dei
2739 2360 3035 2424 laudibus

629 2450 1163 2513 constantissime
1189 2447 1671 2530 perseuerabat,
1690 2447 2240 2511 conuenientibus
2261 2446 2569 2510 videlicet
2599 2447 2811 2528 initijs
2841 2449 3032 2510 vitam

632 2537 999 2614 instituenS,
1050 2536 1266 2618 qualis
1324 2555 1472 2598 eam
1536 2534 1835 2612 decebat,
1881 2554 2011 2616 que
2073 2534 2277 2597 filium
2339 2532 2651 2618 ⁶desuper
2711 2531 3036 2598 veniente⁶

633 2625 863 2707 spiritu
896 2634 1127 2687 sancto
1156 2624 1345 2707 virgo
1374 2631 1549 2686 esset
1581 2624 1888 2705 paritura.

1152 2782 1219 2852 (Ι
1270 2774 1505 2839 cecilia
1549 2775 1736 2857 virgo
1781 2785 2052 2856 martyr.
2140 2775 2355 2839 Lectio
2385 2772 2523 2857 ,izjff

640 2898 977 3033 CEcilia
1007 2902 1195 2982 virgo
1230 2900 1447 2963 Rome
1480 2899 1906 2962 nobilissimis
1939 2899 2323 2982 parentibus
2358 2909 2503 2962 orta
2535 2901 2601 2962 in
2636 2897 2771 2963 fide
2805 2899 3039 2964 Christi

792 2990 1045 3071 optime
1092 2989 1426 3063 instructa,
1472 3007 1660 3048 suam
1708 2986 1837 3048 deo
1881 2987 2328 3068 virginitatem
2376 2988 2811 3051 consecrauit.
2902 2987 3041 3069 Que

639 3076 870 3139 Marco
943 3076 1191 3138 aurelio
1268 3072 1596 3136 Antonio⁸
1680 3074 2075 3155 imperatore
2157 3094 2308 3135 cum
2394 3075 2603 3136 inuita
2685 3073 3042 3137 Valeriano

636 3162 1040 3244 desponsata
1101 3162 1347 3235 suisset,
1408 3162 1550 3243 ipsa
1611 3162 1992 3242 nuptiarum
2055 3170 2250 3223 nocte
2309 3180 2627 3243 sponsum
2688 3161 3043 3243 alloquitur

638 3248 977 3312 affirmans
1028 3270 1098 3311 se
1145 3248 1456 3332 angelum
1508 3247 1615 3309 dei
1669 3256 2035 3309 amatorem
2090 3247 2351 3324 habere,
2398 3249 2511 3328 qui
2564 3267 2807 3329 corpus
2858 3267 3039 3311 suum

640 3336 847 3399 nimio
894 3337 1034 3399 zelo
1072 3334 1493 3418 impollutum
1532 3334 1910 3397 custodiret.
2004 3334 2286 3397 Proinde
2331 3344 2595 3397 caueret
2640 3355 2723 3397 ne
2771 3335 2939 3417 quid
2984 3336 3041 3396 in

641 3444 712 3486 se
765 3424 1228 3498 committeret,
1287 3442 1421 3503 quo
1499 3422 1660 3483 iram
1723 3421 2020 3503 diuinam
2084 3422 2380 3484 irritaret
2505 3419 2767 3502 Quibus
2831 3432 3044 3485 motus

640 3508 1038 3574 Valerianus
1113 3530 1244 3572 non
1305 3529 1505 3571 ausus
1563 3528 1712 3570 eam
1776 3508 2177 3589 contingere,
2237 3508 2516 3571 libenter
2588 3529 2659 3571 se
2731 3509 3042 3592 angelum

642 3598 935 3660 visurum
992 3596 1345 3679 respondit.
1483 3595 1571 3657 Et
1619 3594 1994 3657 affirmante
2048 3593 2293 3658 Cecilia
2340 3595 2465 3658 hoc
2511 3596 2652 3658 sine
2713 3595 3046 3679 baptismo

645 3705 778 3747 non
813 3684 1021 3761 licere,
1052 3684 1137 3747 ad
1170 3682 1518 3745 Vrbanum
1563 3702 1808 3764 papam
1864 3682 2033 3744 inter
2083 3692 2448 3763 martyrum
2504 3681 2857 3765 sepulchra
2910 3682 3046 3745 lati-

644 3781 900 3835 tantem
945 3772 1261 3854 peruenit,
1292 3770 1378 3833 ab
1407 3789 1619 3850 eoque
1650 3768 2039 3851 baptizatur.
2120 3769 2448 3832 Reuersus
2477 3779 2701 3832 autem
2729 3767 3043 3833 Ceciliam

643 3868 944 3922 orantem
977 3859 1248 3934 inuenit,
1278 3866 1345 3919 et
1386 3855 1698 3939 angelum
1746 3875 1897 3917 cum
1944 3876 2024 3917 ea
2069 3855 2280 3918 forma
2325 3856 2631 3919 decorem
2678 3856 3043 3919 humanum

643 3943 1059 4009 excedente.⁹
1149 3945 1212 4006 A
1263 3964 1397 4025 quo
1443 3964 1533 4006 ex
1590 3962 1838 4024 magno
1886 3943 2123 4006 timore
2175 3942 2621 4020 confirmatuS,
2652 3944 3048 4026 impetrauit,

643 4042 716 4095 vt
748 4020 1147 4113 Tyburtium
1179 4050 1444 4112 quoque
1476 4029 1744 4092 fratrem
1777 4049 1968 4091 suum
2007 4029 2464 4093 charissimum
2512 4030 2598 4093 ad
2646 4028 2851 4093 fidem
2900 4050 3045 4093 con·

644 4119 1037 4183 uertendum
1084 4127 1357 4182 curaret.
1447 4117 1582 4200 Qui
1615 4116 1981 4197 Tyburtius
2024 4126 2257 4180 sancto
2286 4117 2517 4199 spiritu
2548 4115 2817 4179 afflatus
2859 4118 3047 4180 fratre

741 4279 845 4317 1--1
879 4280 1011 4329 beate
1031 4279 1222 4328 marie:
1257 4291 1335 4343 39.
1365 4291 1443 4338 41.
1711 4273 1735 4306 ²
1767 4291 1856 4326 es,
1893 4288 1970 4340 39.
1999 4288 2077 4337 41.
2280 4274 2303 4307 ³
2334 4276 2495 4327 vinis.
2533 4289 2610 4341 39.
2639 4286 2734 4327 etc.

742 4343 763 4375 ⁴
794 4345 878 4395 die
900 4358 978 4394 21.
1008 4347 1067 4394 in
1091 4361 1156 4394 m.
1714 4339 1735 4372 ³
1776 4342 1917 4390 Thus
1936 4343 2040 4391 also
2060 4340 2158 4405 38:
2195 4343 2389 4393 lucem.
2425 4355 2503 4406 39.
2535 4353 2630 4392 etc.

734 4406 828 4506 ζ-
764 4408 850 4448 -⁸
890 4410 1029 4459 Thus
1048 4412 1151 4459 also
1174 4407 1268 4473 38.
1303 4408 1384 4459 dei
1406 4405 1819 4474 superveniente:
1845 4419 1923 4470 39.
1952 4415 2045 4457 etc.
2267 4402 2292 4503 ἰ
2320 4407 2389 4457 di.
2418 4420 2497 4457 22.
2527 4410 2585 4457 in
2608 4424 2673 4457 m.

796 4475 1089 4526 Antonino.
1125 4474 1204 4537 64.
2322 4473 2678 4524 excedentem.
2712 4487 2794 4535 44.
