3293 5225
293 491 437 542 Auo.
473 492 575 554 10.]
1213 491 1266 541 S.
1297 491 1391 540 LA
1405 490 1805 542 URENTIUS.
2614 498 2705 552 3¹5

1223 701 1290 770 (Ι
1334 693 1553 757 Lectio
1585 693 1795 758 tertia.

301 806 687 938 SEuiente
718 807 936 870 adhuc
969 807 1329 871 Valeriana
1364 809 1428 870 in
1460 807 1855 870 christianos
1902 807 2357 890 persecutione
2404 827 2535 889 que
2581 807 2704 869 fuit

430 905 582 977 post
647 896 983 958 Neronem
1045 905 1304 968 octaua,
1362 915 1513 958 cum
1579 894 1978 957 Laurentius
2039 895 2309 957 natione
2359 895 2705 976 Hispanus

299 992 575 1063 xystum
667 1003 911 1065 papam
991 993 1372 1062 martyrem,
1446 983 1633 1044 cuius
1707 991 1849 1044 erat
1924 981 2193 1064 pietatis
2281 981 2705 1044 charissimus

296 1069 677 1151 discipuluS,
724 1071 791 1132 in
842 1069 1104 1132 vincula
1150 1071 1523 1133 coniectum
1573 1068 1887 1145 visitaret,
1936 1071 2149 1132 iussus
2201 1069 2287 1131 ab
2339 1089 2421 1131 eo
2466 1077 2588 1144 est,
2633 1077 2706 1131 vt

299 1156 700 1238 pauperibus
803 1158 1018 1239 primo
1105 1176 1373 1238 quoque
1462 1165 1764 1239 ternpore
1853 1155 2272 1219 distribueret
2361 1155 2705 1218 thesauros

297 1243 571 1306 ecclesie
630 1263 798 1324 quos
857 1243 1145 1307 haberet.
1237 1242 1438 1325 Quod
1503 1242 1901 1307 Laurentius
1960 1242 2313 1325 diligenter
2362 1254 2704 1317 executuS,

301 1350 455 1393 cum
488 1341 765 1412 xystum
799 1331 1051 1393 videret
1082 1331 1166 1393 ad
1203 1331 1592 1410 martyrium
1626 1331 1938 1406 abstrahi,
1971 1340 2121 1412 post
2151 1349 2303 1392 eum
2350 1329 2704 1393 clamabat.

303 1417 460 1500 Quo
513 1431 700 1500 pater
751 1419 895 1480 abis
948 1419 1087 1480 sine
1142 1416 1329 1479 filio?
1391 1437 1526 1498 quo
1580 1417 1888 1481 sacerdos
1941 1420 2083 1480 sine
2145 1418 2400 1480 leuita?
2463 1426 2704 1496 xystus

301 1514 527 1567 autem
562 1505 740 1568 bono
768 1525 920 1567 eum
955 1506 1181 1567 animo
1213 1524 1356 1567 esse
1387 1505 1585 1577 iubet,
1620 1524 1775 1566 nam
1809 1504 1947 1568 sore
1992 1515 2064 1568 vt
2109 1525 2181 1567 se
2226 1513 2378 1586 post
2409 1503 2701 1567 triduum

300 1602 702 1674 sequeretur.
796 1592 1196 1655 Laurentius
1253 1601 1479 1654 autem
1543 1612 1582 1653 a
1646 1591 2028 1655 Parthemio
2086 1592 2353 1655 tribuno
2411 1605 2705 1665 vocatuS‚

301 1679 651 1760 iussusque
697 1679 1041 1742 thesauros
1088 1679 1361 1742 ecclesie
1407 1678 1881 1755 demonstrare,
1912 1699 1982 1741 se
2029 1679 2346 1761 postridie
2377 1677 2702 1741 facturum

302 1766 667 1848 pollicetur.
759 1767 849 1830 Et
911 1775 1176 1848 postero
1236 1766 1344 1828 die
1405 1766 1504 1846 (vt
1578 1776 1862 1829 testatur
1935 1776 2205 1829 sanctus
2279 1765 2706 1846 Ambrosius)

302 1873 628 1934 pauperes
687 1853 992 1917 adduxit.
1116 1854 1701 1936 Interrogatusque
1762 1854 1871 1916 vbi
1918 1865 2140 1916 essent
2185 1853 2493 1926 thesauri,
2540 1872 2709 1933 quos

304 1939 732 2021 promisisset.
807 1941 1101 2004 ostendit
1192 1960 1533 2022 pauperes,
1607 1940 1853 2004 dicens.
1990 1941 2083 2003 Hi
2174 1949 2328 2003 sunt
2416 1939 2705 2003 thesauri

303 2025 595 2090 ecclesie.
684 2026 876 2089 Tunc
921 2047 1078 2089 vero
1110 2028 1175 2088 in
1209 2047 1538 2090 carcerem
1570 2029 1931 2104 coniectus,
1960 2029 2147 2090 cuius
2193 2027 2519 2110 prefectus
2564 2036 2707 2090 erat

308 2113 724 2195 Hippolytus
770 2134 902 2176 non
935 2114 1239 2176 cessabat
1271 2113 1721 2196 predicatione
1753 2134 1830 2176 ac
1863 2115 2194 2176 miraculis
2238 2114 2436 2177 editis
2481 2113 2706 2177 christi

304 2199 504 2263 fidem
568 2220 950 2284 propagare.
1074 2201 1251 2263 Nam
1331 2199 1615 2264 Lucillio
1690 2201 1975 2276 cuidam,
2049 2203 2162 2283 qui
2239 2201 2565 2284 plorando
2640 2202 2705 2263 in

302 2308 562 2350 carcere
630 2289 843 2351 suerat
916 2286 1308 2363 obsecatuS,¹
1383 2287 1676 2351 credenti
1752 2290 1965 2351 visum
2044 2290 2367 2371 promisit,
2438 2308 2517 2350 ac
2593 2308 2710 2370 per

304 2373 710 2456 baptismum
784 2376 1084 2438 restituit.
1178 2374 1763 2458 Hippolytumque
1839 2377 2056 2458 ipsum
2132 2396 2284 2438 cum
2346 2377 2507 2439 ,xix.
2566 2377 2708 2437 eius

306 2461 555 2524 familie
601 2462 986 2525 hominibus
1030 2462 1116 2524 ad
1166 2461 1505 2526 Christum
1538 2464 1885 2526 conuertit.
1978 2462 2346 2526 Productus
2376 2472 2601 2524 autem
2637 2473 2707 2525 vt

305 2548 652 2614 thesauros
683 2549 1007 2632 proderet,
1041 2550 1470 2632 ipsorumque
1502 2549 1806 2612 redderet
1853 2549 2197 2625 rationem,
2229 2548 2409 2633 quod
2456 2547 2705 2612 sactum

306 2648 447 2700 erat
508 2639 841 2720 exposuit,
887 2656 1091 2719 seque
1153 2638 1554 2719 pauperibus
1618 2638 1801 2717 xysti
1865 2638 2275 2713 mandatum,
2334 2647 2403 2699 et
2463 2636 2705 2700 Christi

306 2724 678 2787 doctrinam
755 2737 1056 2787 secutum
1133 2725 1561 2788 distribuisse.
1674 2724 1864 2787 Tunc
1938 2744 2095 2787 vero
2169 2724 2366 2787 simul
2442 2733 2712 2806 propter

305 2811 696 2874 distributos
786 2812 1130 2874 thesauros
1218 2812 1413 2873 simul
1507 2821 1776 2893 propter
1873 2810 2117 2874 Christi
2222 2811 2706 2874 consessionem

307 2899 763 2980 scorpionibus
839 2900 1143 2981 primum,
1199 2897 1442 2960 deinde
1509 2899 1730 2977 virgiS,
1789 2907 1932 2961 tum
1996 2897 2358 2980 plumbatis
2432 2897 2712 2980 flagellis

307 2986 649 3048 seuissime
702 2984 971 3049 ceditur.
1063 2985 1324 3068 Quibus
1379 2987 1861 3067 patientis-ime
1914 2986 2211 3048 toleratis
2263 3005 2415 3049 cum
2477 3006 2517 3047 a
2577 2984 2708 3047 fide

309 3070 556 3135 Christi
607 3092 738 3135 non
791 3084 1015 3160 posset
1069 3072 1298 3148 auerti,
1331 3071 1520 3135 serre2
1572 3072 1884 3136 craticule
1936 3072 2265 3155 alligatuS,
2325 3072 2710 3135 ardentibus

310 3160 537 3241 prunis
586 3160 964 3241 imponitur,
996 3169 1064 3222 et
1112 3159 1295 3223 lento
1343 3161 1497 3241 igne
1544 3160 2120 3222 constantissimus
2153 3160 2219 3221 in
2252 3158 2383 3222 fide
2414 3169 2714 3233 torretur,

308 3246 523 3309 donec
571 3248 873 3328 spiritum
923 3247 1144 3310 emisit
1188 3258 1428 3328 quarto
1458 3247 1606 3310 idus
1637 3247 1947 3330 Augusti.
2037 3246 2243 3311 Cuius
2273 3266 2512 3328 corpus
2542 3248 2714 3310 circa

308 3333 537 3395 vrbem
600 3333 665 3395 in
727 3334 833 3396 via
895 3334 1271 3415 Tyburtina
1337 3333 1752 3416 Hippolytus
1811 3334 2065 3396 curauit
2127 3334 2584 3416 sepeliendum
2648 3334 2713 3395 in

312 3420 544 3502 predio
575 3419 853 3501 Cyriace
884 3423 1098 3497 vidue,
1125 3441 1326 3503 quam
1375 3420 1484 3484 ille
1514 3441 1554 3483 a
1585 3421 1901 3484 diuturno
1934 3419 2166 3483 morbo
2198 3421 2609 3484 liberauerat.

1264 3564 1331 3633 ([
1376 3557 1501 3619 Ad
1534 3558 1775 3622 laudes,

442 3668 839 3749 Antz‘plzona.
938 3670 1012 3732 In
1066 3669 1381 3733 craticula
1430 3679 1498 3732 te
1549 3667 1749 3733 deum
1801 3690 1934 3732 non
1986 3670 2243 3751 negaui,
2275 3679 2343 3732 et
2374 3668 2458 3732 ad
2492 3670 2715 3750 ignem

312 3757 683 3837 applicatus
736 3767 818 3819 te.
910 3756 1246 3821 Christum
1296 3757 1635 3819 consessus
1682 3777 1827 3820 sum
1879 3757 2170 3839 probasti
2217 3777 2330 3819 cor
2378 3777 2619 3832 meum,
2649 3766 2718 3820 et

315 3844 591 3942 yisitasti
648 3855 860 3920 nocte,
909 3844 1063 3927 igne
1111 3864 1217 3906 me
1269 3845 1692 3919 examinasti,
1746 3856 1814 3908 et
1869 3865 2000 3907 non
2057 3854 2158 3907 est
2203 3846 2477 3908 inuenta
2508 3846 2574 3907 in
2610 3864 2717 3906 me

313 3932 643 4011 iniquitas,

1295 4067 1355 4130 A
1366 4068 1420 4131 d
1440 4079 1747 4150 vesperas.

441 4180 767 4261 Hymnus.
862 4182 1046 4244 Deus
1077 4179 1369 4244 tuorum³
1400 4191 1472 4244 vt
1498 4193 1715 4263 supra.
2316 4254 2319 4257 ,

443 4268 840 4348 Antiphona.
935 4269 1179 4331 Beatus
1212 4268 1611 4331 Laurentius
1636 4272 1797 4331 dum
1831 4270 1895 4332 in
1929 4267 2241 4332 craticula
2266 4269 2720 4350 superpositm

314 4366 624 4430 vreretur,
678 4358 763 4418 ad
820 4356 1286 4438 impijssimum
1350 4366 1711 4436 tyrannum
1773 4355 1969 4431 dixit,
2022 4357 2344 4418 Assatum
2406 4369 2508 4419 est
2569 4356 2720 4432 iam,

639 4497 653 4529 ¹
689 4500 1018 4550 obcaecatus:
1045 4499 1123 4563 38.
1152 4512 1245 4550 etc.
1967 4499 1990 4531 ²
2023 4500 2225 4551 serreae:
2263 4498 2341 4564 38.

634 4564 655 4595 ³
689 4565 936 4617 militum:
969 4567 1081 4615 add.
1111 4578 1188 4630 39.
1217 4579 1296 4629 41.
1369 4566 1479 4627 [See
1500 4566 1666 4626 belom,
1691 4582 1739 4632 p.
1771 4567 1909 4630 377.]
