3293 5225
344 427 469 477 IUN.
505 424 608 487 18.]
686 427 739 473 S.
780 423 1173 474 ANTONIUS
1188 439 1217 481 ,ῃ
1249 423 1342 472 SS.
1382 424 1695 475 MARCUS
1724 425 1831 474 ET
1861 425 2417 475 MARCELLJNUS.
2658 425 2754 486 287

343 579 574 654 bonuS,
605 588 671 642 et
704 577 934 661 spiritu
969 586 1202 640 sancto
1224 597 1303 639 ac
1328 576 1459 640 fide
1491 578 1744 660 plenuS,
1774 588 1842 642 et
1864 581 2171 660 apposita
2194 588 2296 642 est
2321 578 2532 642 multa
2557 579 2748 643 turba

344 668 411 729 in
433 666 726 729 domino.
819 663 1159 727 Profectus
1181 664 1336 726 inde
1360 665 1664 742 Tarsum,
1688 675 1758 727 vt
1782 676 2083 746 quereret
2109 664 2407 742 Saulum,
2434 666 2750 747 perduxit

347 755 561 835 ipsum
589 751 1040 826 Antiochiam,
1066 761 1134 815 et
1152 771 1403 814 annum
1430 761 1646 815 totum
1674 754 2046 814 conuersati
2073 761 2229 815 sunt
2250 752 2338 815 ibi
2361 754 2423 815 in
2455 754 2748 830 ecclesia,

344 850 411 904 et
443 843 811 903 docuerunt
842 838 1104 901 turbam
1163 837 1462 915 multam,
1511 840 1603 902 ita
1657 849 1729 902 vt
1779 840 2409 921 cognominarentur
2461 841 2747 923 primurn

348 927 708 991 Antiochie
768 924 1072 1008 discipuli
1132 925 1487 988 christiani.
1608 925 1743 1008 Qui
1804 926 2128 1009 discipuli,
2203 936 2398 1010 prout
2469 929 2751 1009 quisque

348 1013 642 1078 habebat
679 1022 1167 1095 proposuerunt
1228 1013 1294 1074 in
1359 1013 1797 1076 ministerium
1864 1014 2125 1077 mittere
2174 1014 2631 1078 habitantibus
2681 1016 2745 1078 in

351 1102 557 1164 Iudea
585 1098 909 1164 fratribus
958 1098 1157 1181 Quod
1180 1109 1248 1162 et
1273 1098 1584 1176 fecerunt,
1605 1102 1948 1164 mittentes
1970 1103 2054 1164 ad
2076 1103 2367 1165 seniores
2380 1123 2496 1185 per
2509 1122 2749 1165 manus

351 1189 673 1264 Barnabe,
706 1197 773 1249 et
806 1185 990 1251 Sauli
1083 1185 1216 1268 Qui
1249 1185 1523 1268 expleto
1556 1188 1925 1250 ministerio
1979 1190 2220 1251 reuersi
2274 1198 2429 1252 sunt
2477 1210 2517 1252 a
2570 1190 2749 1253 Iero-

349 1276 625 1357 solymis
656 1282 1003 1355 assumpto
1049 1273 1317 1348 Ioanne,
1366 1275 1480 1354 qui
1528 1276 2041 1356 cognominatus
2093 1286 2196 1339 est
2248 1276 2531 1352 MarcuS,
2560 1287 2751 1341 erant

351 1374 574 1427 autern
608 1365 672 1425 in
705 1359 982 1423 ecclesia
1015 1380 1145 1441 que
1175 1369 1316 1423 erat
1370 1360 1751 1439 Antiochie,
1805 1363 2128 1446 prophete
2179 1374 2246 1426 et
2301 1364 2626 1441 doctoreS,
2681 1367 2744 1428 in

351 1450 592 1530 quibus
614 1446 956 1510 Barnabas
981 1458 1045 1509 et
1081 1447 1321 1511 Saulus
1372 1448 1909 1513 Ministrantibus
1940 1461 2163 1513 autem
2198 1450 2325 1513 illis
2364 1452 2641 1515 domino
2681 1464 2749 1516 et

353 1536 799 1600 ieiunantibus
829 1536 1005 1597 dixit
1035 1535 1304 1615 spiritus
1349 1545 1633 1600 sanctus,
1728 1536 2090 1620 Segregate
2142 1538 2303 1601 mihi
2355 1537 2631 1603 Saulum
2683 1551 2750 1603 et

355 1623 729 1686 Barnabam
765 1624 828 1684 in
862 1642 1032 1704 opus
1063 1621 1146 1684 ad
1195 1623 1375 1702 quod
1428 1626 1757 1706 assumpsi
1809 1644 1924 1686 eos
2014 1625 2206 1687 Tunc
2258 1627 2625 1689 ieiunantes
2682 1639 2749 1691 et

351 1719 635 1786 oranteS,
680 1711 1233 1789 imponentesque
1292 1710 1387 1771 eis
1451 1731 1706 1786 manuS,
1764 1709 2158 1775 dimiserunt
2218 1711 2381 1776 illos,
2473 1714 2564 1777 Et
2625 1715 2751 1797 ipsi

351 1798 620 1878 quidem
644 1797 824 1859 missi
845 1817 883 1858 a
908 1796 1142 1878 spiritu
1163 1805 1398 1859 sancto
1422 1797 1725 1860 abierunt
1749 1797 2140 1875 Seleuciam,
2159 1809 2226 1861 et
2248 1799 2400 1862 inde
2426 1799 2750 1884 Cyprum:

352 1885 729 1965 multasque
761 1893 1061 1965 preterea
1086 1884 1296 1957 vrbeS,
1328 1904 1406 1946 ac
1439 1887 1743 1966 regiones
1790 1905 1938 1948 curn
1989 1905 2237 1967 magno
2283 1887 2753 1970 predicationis

352 1973 648 2054 profectu
682 1979 1130 2054 peragrarunt
1225 1971 1570 2034 Postremo
1604 1973 1944 2035 Barnabas
1976 1994 2015 2034 a
2050 1974 2256 2036 Paulo
2287 1976 2635 2038 discedens
2665 1978 2750 2039 ad

353 2060 651 2141 Cyprum
674 2059 1019 2140 nauigauit
1038 2067 1385 2139 assumpto
1409 2059 1656 2122 Marco.
1732 2059 1868 2122 Vbi
1890 2061 2060 2122 circa
2081 2063 2437 2144 septimum
2469 2063 2755 2126 Neronis

352 2167 599 2210 annum
636 2146 930 2226 martyrij
968 2164 1284 2207 coronam
1317 2155 1420 2207 est
1451 2145 1736 2228 adeptus
1768 2148 1964 2209 tertio
1999 2147 2144 2209 idus
2183 2148 2373 2230 Iunij.

920 2287 987 2357 ΙΙ
1032 2282 1367 2344 Antonius
1395 2281 1755 2362 cetffessor.2
1844 2282 2057 2347 Lectio
2089 2285 2201 2366 ,iifl

467 2369 486 2390 .

357 2396 790 2525 ANtonius
823 2395 1091 2457 natione
1129 2393 1472 2477 Hispanus
1495 2395 1903 2477 Vlyssipone
1947 2408 2157 2473 natuS,
2190 2419 2340 2461 cum
2367 2399 2754 2466 adolescens

540 2485 759 2547 adhuc
808 2491 982 2544 esset
1033 2483 1390 2544 canonicus
1442 2482 1772 2564 regulariS,
1823 2484 2052 2546 audito
2099 2487 2417 2566 martyrio
2465 2508 2754 2568 quorun-

349 2572 503 2634 dam
555 2568 1032 2634 monachorum
1080 2587 1167 2631 ex
1215 2567 1445 2632 ordine
1505 2572 1718 2633 sancti
1793 2570 1848 2633 F
1852 2572 2123 2634 rancisci
2185 2574 2270 2635 ad
2337 2573 2752 2640 Marochium

355 2660 754 2722 Mauritanie
786 2656 1014 2718 vrbem
1047 2655 1431 2730 occisorum,
1463 2656 1749 2719 eundern
1800 2657 2097 2721 ordinem
2156 2663 2366 2723 sancti
2421 2662 2753 2727 Francisci

352 2746 701 2829 professuS,
724 2754 791 2806 et
814 2763 853 2805 a
877 2742 1149 2825 prelatis
1181 2741 1455 2806 obtenta
1496 2746 1710 2826 copia,
1743 2746 2039 2827 martyrij
2075 2747 2373 2828 cupidus,
2407 2748 2754 2813 Saracenis

351 2834 804 2915 predicaturus
839 2831 1063 2892 nauirn
1097 2828 1413 2906 ascendit,
1444 2833 1560 2893 sed
1595 2834 1723 2894 deo
1754 2831 1945 2895 aliter
1975 2833 2324 2897 ordinante
2357 2837 2419 2897 vi
2467 2846 2754 2919 tempes-

347 2922 506 2982 tatis
542 2918 909 3002 prohibitus
939 2926 1056 2979 est.
1149 2915 1457 2980 Ceterum
1491 2928 1562 2980 vt
1594 2921 2237 3000 consanguineorum
2270 2933 2337 2984 et
2389 2924 2753 2988 amicorum

349 3008 827 3089 impedimenta
859 3006 1113 3078 vitaret,
1145 3006 1210 3066 in
1264 3003 1458 3067 Italia
1501 3007 1702 3069 venit.
1792 3005 1926 3088 Qui
1973 3026 2124 3069 cum
2173 3008 2532 3089 aliquando
2578 3011 2756 3076 iussu

350 3093 680 3176 pontificis
715 3093 929 3155 Rome
962 3092 1320 3174 peregrinis
1355 3091 1710 3155 multarum
1745 3094 2093 3156 nationum
2128 3097 2514 3177 predicaret,
2558 3100 2758 3181 varijs

352 3181 595 3263 linguis
650 3181 927 3253 locutuS,
976 3188 1042 3241 et
1075 3180 1161 3241 ab
1193 3179 1502 3242 omnibus
1537 3179 1912 3244 intellectus
1952 3202 2098 3244 esse
2129 3181 2425 3247 traditur.
2521 3184 2757 3267 Itaque

349 3288 719 3331 sermonem
771 3268 976 3349 ipsius
1010 3264 1286 3328 domino
1321 3267 1526 3348 signis
1557 3266 2009 3343 confirmante,
2042 3269 2364 3350 quasdam
2399 3270 2660 3335 hereses
2693 3276 2757 3337 in

356 3355 549 3419 Italia
573 3354 959 3429 consutauit,
985 3352 1305 3416 sactiones
1331 3353 1597 3417 diremit
1627 3365 1696 3418 et
1728 3356 2033 3418 inimicos
2064 3357 2529 3422 reconciliauit.
2577 3361 2759 3423 Tan-

349 3446 503 3506 dem
528 3441 760 3525 plenus
791 3441 1145 3503 sanctitate
1176 3448 1243 3502 et
1276 3440 1606 3504 miraculis
1637 3441 1854 3505 clarus
1903 3443 2158 3524 Patauij
2211 3447 2488 3508 moritur
2540 3448 2758 3511 idibus

356 3530 548 3610 Iunij,
593 3540 660 3592 et
707 3531 771 3591 in
832 3526 1109 3589 ecclesia
1168 3524 1464 3590 ³nomine
1523 3527 1756 3610 ipsius³
1817 3529 2134 3594 fabricata
2181 3533 2449 3613 egregio
2498 3535 2757 3598 tumulo

348 3616 643 3700 sepultus
663 3626 782 3689 est,
802 3624 868 3676 et
898 3634 938 3676 a
971 3612 1293 3696 Gregorio
1324 3633 1502 3676 nono
1533 3617 1761 3678 statim
1794 3617 1860 3679 in
1894 3626 2272 3679 sanctorum
2306 3620 2756 3685 consessorum

347 3705 752 3767 consortium
787 3700 1048 3763 relatuS.

867 3838 1148 3902 Marcus
1175 3846 1240 3901 et
1270 3837 1363 3900 M
1359 3839 1796 3902 arcellianus.⁴
1882 3839 2093 3903 Lectio
2122 3841 2237 3923 aij.

368 3954 751 4083 MArcus
782 3960 849 4014 et
884 3950 1352 4013 Marcellianus
1384 3950 1619 4013 fratres
1653 3951 1886 4028 Rome,
1914 3951 2338 4019 Diocletiano
2363 3957 2761 4040 imperatore

565 4061 682 4124 pro
731 4038 975 4103 Christi
1022 4037 1154 4101 fide
1200 4038 1264 4099 in
1298 4038 1561 4101 vincula
1602 4040 1883 4103 coniecti
1931 4050 2085 4104 sunt
2131 4042 2216 4104 ab
2248 4044 2424 4107 vrbis
2470 4048 2763 4127 prefecto

356 4128 792 4192 Chromantio
824 4127 909 4188 ad
958 4133 1375 4205 mortemque
1416 4126 1737 4202 damnati,
1769 4126 1893 4189 nisi
1925 4138 2081 4192 ante
2127 4130 2304 4192 diem
2353 4132 2760 4214 trigesimam

354 4217 439 4278 ad
473 4216 724 4279 cultum
758 4212 1031 4275 deorum
1062 4210 1426 4292 redijssent.
1516 4212 1629 4275 Ad
1656 4233 1824 4295 quos
1854 4234 2005 4277 cum
2032 4216 2530 4297 Tranquillinus
2560 4231 2766 4302 pater,

356 4312 423 4364 et
456 4313 669 4365 mater
702 4299 974 4363 Martia⁵
1007 4307 1075 4361 et
1122 4299 1416 4381 plerique
1448 4310 1886 4382 cognatorum
1918 4304 2323 4367 ventitarent
2351 4314 2424 4368 vt
2469 4306 2649 4388 ipsos
2678 4310 2766 4374 ab

453 4435 470 4467 ¹
504 4438 585 4487 die
613 4449 632 4485 1
719 4438 776 4485 in
800 4453 865 4486 m.
1132 4433 1155 4465 ²
1186 4434 1284 4484 die.
1321 4446 1392 4496 13.
1424 4435 1480 4482 in
1505 4451 1569 4483 m.
1898 4434 2005 4474 ³—-³
2036 4437 2189 4503 ipsius
2212 4440 2446 4491 nomine:
2484 4442 2560 4507 38.

453 4502 474 4533 ⁴
504 4502 585 4552 die
616 4516 634 4551 1
676 4539 688 4552 .
715 4503 771 4551 in
797 4519 861 4551 m.
1129 4498 1150 4530 ⁶
1186 4499 1379 4549 Maria:
1416 4512 1493 4562 39.
1523 4513 1603 4561 49.
