3293 5225
360 498 499 547 ΜΑι.
529 499 603 561 2.]
1247 502 1300 549 S.
1342 498 1846 551 ATHANASIUS.
2669 512 2766 563 279

708 726 1126 792 Athanasius
1154 728 1470 809 epzircopus
1508 729 1867 808 confessor.l
1958 726 2172 791 Lectio
2205 728 2415 792 tertia.

367 840 884 969 AThanasius
915 841 1267 923 episcopus
1300 838 1662 903 confessor2
1693 840 1791 904 vir
1821 840 2005 903 omni
2037 841 2356 903 virtutum
2401 861 2644 923 genere
2697 851 2765 904 et

551 927 856 991 doctrina
888 928 1305 1002 clarissimuS‚
1336 947 1621 1010 vereque
1666 927 1999 1010 religionis
2054 930 2533 1011 propugnator²¹
2580 948 2764 1010 egre-

357 1015 526 1097 gius,
560 1015 681 1078 suit
714 1016 981 1078 natione
1004 1015 1339 1097 Egyptius
1364 1014 1781 1077 Alexandrie
1805 1024 2006 1079 ortus,
2098 1014 2232 1098 Qui
2256 1016 2343 1078 ab
2367 1014 2765 1078 Alexandro

357 1103 674 1184 episcopo
736 1103 1202 1165 Alexandrino
1265 1101 1611 1183 presbyter
1662 1101 1889 1177 sactus,
1938 1101 2154 1184 ipsum
2210 1111 2475 1164 secutus
2523 1112 2624 1166 est
2678 1104 2762 1166 ad

359 1188 712 1252 concilium
749 1189 1097 1253 Nicenum.
1189 1188 1322 1251 Vbi
1371 1208 1523 1251 cum
1565 1187 1837 1251 Arrium
1888 1191 2316 1252 vehementer
2368 1191 2766 1273 represisset,

360 1277 734 1338 maximum
758 1278 821 1338 in
848 1296 919 1339 se
944 1277 1171 1338 odium
1188 1276 1622 1338 Arrianorum
1643 1276 2021 1340 concitauit.
2054 1276 2119 1338 A
2145 1276 2384 1357 quibus
2405 1286 2761 1360 postquam

357 1361 577 1425 eidem
615 1362 1010 1426 Alexandro
1043 1364 1106 1425 in
1142 1363 1531 1445 episcopatu
1563 1363 1898 1439 successit,
1929 1362 2196 1425 difficile
2227 1363 2408 1426 dictu
2440 1374 2558 1439 est,
2600 1373 2766 1446 quot

361 1448 653 1526 insidia5‚
686 1463 983 1532 quotque
1014 1449 1440 1513 incommoda
1489 1470 1721 1532 passus
1768 1450 1977 1512 fuerit
2089 1449 2391 1532 Quorum
2443 1450 2765 1514 nonnulla

360 1539 864 1600 recensebimus,
956 1536 1208 1601 Coacto
1239 1539 1417 1619 apud
1441 1537 1698 1618 Tyrum
1719 1537 1997 1600 concilio
2016 1539 2499 1619 episcoporum,
2521 1557 2765 1621 magna

358 1642 447 1684 ex
477 1634 663 1704 parte
698 1624 1130 1687 Arrianorum
1167 1624 1548 1687 muliercula
1569 1622 1857 1705 quedam
1884 1624 1970 1686 ab
1994 1624 2090 1686 eis
2115 1624 2478 1688 subornata
2497 1635 2616 1702 est,
2634 1645 2765 1708 que

364 1710 813 1774 Athanasium
876 1721 1233 1785 accusaret,
1282 1710 1463 1792 quod
1497 1732 1537 1774 a
1589 1733 1661 1774 se
1708 1711 1999 1794 hospitio
2051 1720 2416 1794 susceptuS,
2466 1710 2648 1775 illata
2699 1714 2763 1776 vi

358 1795 748 1879 pudicitiam
781 1799 920 1861 eius
951 1797 1281 1862 violasset.
1377 1798 1713 1861 Introduci
1747 1798 1832 1860 ad
1881 1797 2003 1861 hec
2041 1798 2303 1862 iubetur
2333 1798 2764 1875 Athanasiu5‚

357 1902 510 1946 cum
561 1904 694 1965 quo
749 1886 1082 1965 ingressus
1134 1895 1237 1948 est
1299 1885 1697 1949 Timotheus
1755 1886 2105 1968 presbyter
2163 1906 2336 1950 suus.
2457 1885 2761 1968 Cumque

360 1971 596 2033 mulier
626 1992 706 2034 ea
737 1992 866 2053 que
912 1974 1153 2035 edocta
1200 1972 1412 2035 fuerat
1459 1982 1834 2055 perorasset
1881 1973 2277 2036 Timotheus
2310 1973 2757 2036 Athanasium

357 2078 428 2119 se
460 2079 605 2121 esse
637 2059 989 2122 simulans:
1038 2059 1276 2142 Egone
1321 2061 1552 2141 inquit,
1592 2058 1827 2122 mulier
1866 2060 2044 2142 apud
2079 2069 2147 2122 te
2195 2058 2557 2141 aliquando
2611 2081 2756 2124 sum

357 2145 747 2222 diuersatus,
777 2156 892 2209 aut
925 2149 1058 2208 vim
1099 2148 1236 2222 tibi,
1287 2157 1358 2209 vt
1409 2147 1645 2209 asseris
1695 2146 1883 2209 intuli
1910 2153 1936 2210 Ρ
1987 2147 2180 2210 Tunc
2233 2146 2344 2210 illa
2398 2148 2760 2228 procaciter

358 2231 791 2296 Timotheum
818 2234 1211 2316 obiurgans:
1243 2233 1348 2296 Tu
1371 2234 1601 2314 inquit,
1622 2234 1782 2296 mihi
1804 2234 1937 2296 vim
1965 2234 2190 2297 fecisti.
2253 2233 2359 2297 Tu
2380 2254 2756 2298 commacu-

356 2317 506 2383 lasti
531 2322 907 2384 castitatem
937 2341 1174 2398 meam,
1206 2332 1274 2384 et
1292 2320 1378 2384 ad
1400 2321 1648 2383 iudices
1668 2341 1990 2383 conuersa
2009 2342 2139 2402 que
2163 2321 2410 2384 diceret
2433 2341 2590 2384 vera
2612 2342 2757 2385 esse

356 2405 569 2471 iurare
601 2409 795 2490 cepit,
828 2409 1141 2490 ignorans
1171 2407 1477 2470 videlicet
1496 2427 1649 2470 eum
1675 2428 1715 2470 a
1740 2427 1874 2488 quo
1899 2407 2031 2471 vim
2053 2428 2124 2470 se
2145 2428 2543 2490 perpessam,
2572 2429 2754 2471 men-

353 2494 558 2556 titura
590 2494 1077 2574 subijciebatur.
1143 2495 1233 2557 Et
1253 2496 1344 2557 sic
1364 2515 1514 2556 curn
1532 2495 1689 2556 risu*
1707 2496 1899 2557 simul
1922 2507 1990 2558 et
2013 2496 2474 2577 indignatione
2494 2495 2755 2559 mulier-

355 2581 506 2643 cula
540 2583 780 2645 reiecta
809 2593 912 2645 est
943 2602 982 2645 a
1017 2581 1356 2658 iudicibuS,
1389 2592 1455 2645 et
1480 2581 1890 2645 Athanasius
1910 2581 2237 2646 liberatus,
2287 2582 2493 2646 Aliud
2514 2582 2755 2646 deinde

354 2667 756 2731 intentatum
790 2679 891 2732 est
924 2670 1170 2732 crimen
1205 2671 1530 2733 Arsenius
1563 2670 1917 2751 Athanasij
1955 2670 2161 2733 lector
2190 2671 2430 2732 timens
2454 2671 2751 2734 eiusdem

354 2754 734 2833 Athanasii,
766 2776 964 2837 quem
998 2756 1386 2833 offenderat,
1417 2758 1944 2838 castigationem,
1962 2759 2139 2839 apud
2165 2756 2525 2820 Arrianum
2548 2777 2752 2838 quen-

353 2840 510 2904 dam
561 2841 886 2906 latitabat.
977 2843 1156 2926 Qu0⁵
1231 2845 1579 2907 occasione
1638 2853 1900 2906 vtentes
1960 2843 2317 2924 aduersarij
2383 2844 2752 2908 humanum

353 2927 694 2992 brachium
731 2929 947 2993 loculo
978 2930 1271 2994 delatum
1311 2931 1758 3003 ostentabant.
1806 2931 1985 3011 quod
2029 2952 2117 2993 ex
2166 2931 2428 3012 Arsenij
2477 2952 2753 3014 corpore

354 3016 441 3078 ab
475 3016 848 3079 Athanasio
880 3016 1244 3080 abscissum
1279 3037 1424 3081 esse
1458 3019 1522 3080 in
1547 3020 1805 3100 magice
1827 3018 1985 3080 artis
2003 3018 2755 3091 vsum,criminabantur

355 3101 679 3165 Arsenius
699 3115 922 3166 autem
944 3103 1114 3167 dolis
1134 3106 1433 3186 cognitiS,
1460 3106 1599 3168 siue
1626 3124 1778 3166 eum
1805 3104 2237 3168 humanitatis
2256 3106 2753 3187 contemplati0‚

350 3189 494 3252 siue
524 3190 752 3253 diuina
785 3191 1069 3273 perpulit
1103 3190 1538 3272 prouidentia,
1570 3192 1741 3255 clam
1778 3212 1893 3274 per
1924 3193 2137 3254 noctis
2156 3191 2419 3255 silentia
2439 3191 2752 3265 euadem,

347 3284 573 3356 tyrum
607 3276 691 3339 ad
726 3277 1172 3341 Athanasium
1206 3299 1277 3341 se
1295 3281 1593 3342 contulit.
1685 3278 1841 3361 Quo
1860 3279 1924 3341 in
1949 3277 2299 3342 concilium
2326 3288 2545 3361 preter
2563 3300 2749 3362 spem

352 3363 651 3425 omnium
716 3366 1058 3447 product0‚
1118 3376 1184 3428 et
1244 3374 1597 3447 Vtrumque
1644 3365 1988 3429 brachium
2038 3365 2292 3429 illesum
2341 3368 2751 3443 ostendente,

353 3448 768 3514 inimicorum
834 3454 1046 3514 scelus
1094 3453 1434 3535 perspicue
1479 3453 1818 3516 detectum
1866 3463 1982 3516 est.
2074 3453 2173 3515 At
2220 3473 2352 3516 non
2403 3463 2750 3536 propterea

353 3536 617 3599 Arriani
653 3540 961 3620 quieuere
993 3539 1107 3602 sed
1144 3540 1355 3603 multo
1404 3541 1652 3603 maiore
1697 3540 1854 3603 odio
1904 3540 2349 3603 Athanasium
2399 3561 2749 3623 proseque-

350 3622 610 3699 bantur,
670 3637 909 3690 cuncta
968 3626 1054 3689 ab
1106 3647 1188 3690 eo
1243 3628 1516 3709 magicis
1570 3628 1822 3690 artibus
1867 3627 2041 3690 facta
2072 3648 2217 3690 esse
2248 3627 2750 3692 calumniantes,

355 3710 592 3792 Itaque
652 3712 886 3776 horum
951 3714 1223 3777 insidias
1275 3714 1549 3797 fugienS,
1599 3725 1667 3777 et
1722 3715 2095 3795 Constantij
2155 3716 2588 3796 imperatoris,
2637 3716 2749 3797 qui

353 3797 624 3861 fauebat
656 3799 977 3875 ArrianiS‚
1009 3802 1172 3864 iram
1207 3803 1679 3884 pertimescens
1713 3822 1959 3884 magna
1980 3812 2165 3883 parte
2186 3802 2365 3864 orbis
2386 3812 2754 3884 peragrata,

349 3904 475 3948 sex
509 3888 861 3950 continuos
894 3908 1104 3950 annos
1138 3889 1201 3950 in
1247 3888 1421 3951 sicca
1473 3889 1759 3951 cisterna
1809 3890 1950 3951 sine
2003 3889 2161 3951 solis
2214 3899 2488 3971 aspectu
2544 3889 2752 3964 latuit,

347 3973 568 4035 amico
598 3974 655 4036 ei
689 3975 982 4054 quodam
1018 3976 1385 4038 necessaria
1416 3976 1587 4037 clam
1621 3974 2111 4058 suppeditante.
2206 3976 2550 4039 Postremo
2599 3976 2754 4038 inde

349 4079 654 4140 egressus
685 4061 770 4123 ad
806 4061 1193 4125 Constantis
1228 4072 1446 4142 partes
1478 4062 1794 4144 profugus
1835 4062 2170 4137 abscessit,
2225 4083 2359 4145 quo
2412 4063 2755 4126 adnitente

349 4145 579 4209 sedem
614 4168 803 4210 suam
839 4151 1103 4231 recepit.
1195 4149 1504 4212 Ceterum
1541 4160 1775 4231 postea
1806 4149 2175 4214 Constante
2223 4159 2485 4211 mortuo
2535 4170 2754 4213 rursus

353 4231 417 4294 in
444 4233 732 4297 Galliam
755 4234 1121 4317 aufugienS,
1141 4235 1444 4299 exulauit
1462 4238 1640 4318 apud
1665 4236 1992 4299 Treuiros.
2041 4236 2240 4299 Vnde
2267 4236 2753 4300 Alexandriam

351 4339 670 4396 reuersuS,
701 4342 853 4384 cum
889 4330 1122 4405 postea
1155 4323 1572 4406 imperatoris
1602 4323 1839 4386 Iuliani
1872 4333 2179 4406 apostate
2211 4324 2389 4386 iussu
2411 4323 2496 4386 ad
2522 4343 2753 4387 necem

447 4489 465 4521 ¹
499 4492 581 4541 die
607 4504 649 4540 2.
680 4494 737 4541 in
762 4509 826 4542 m.
1355 4490 1378 4522 2
1409 4509 1500 4542 om.
1532 4491 1609 4556 38.
1638 4502 1732 4543 etc.
2140 4491 2162 4523 ³
2228 4501 2602 4559 propugnatur:
2640 4492 2721 4557 38.

446 4555 468 4585 ⁴
498 4574 590 4607 om.
621 4570 697 4619 39.
1357 4556 1378 4587 ⁸
1413 4557 1561 4621 Qua:
1599 4571 1678 4621 39.
1707 4569 1802 4610 etc.
