3293 5225
619 417 723 480 378
1126 419 1169 468 C
1173 418 1346 467 OMM
1351 418 1507 468 UNE
1539 419 1630 467 PL
1642 418 1934 468 URJMOR
1943 419 2063 468 ΠΜ
2087 418 2197 467 MA
2205 418 2252 466 R
2262 417 2311 465 T
2314 418 2363 466 Y
2359 418 2408 465 R
2418 417 2548 467 UA!-

763 572 892 635 Hic
926 592 1167 654 nempe
1199 571 1429 634 mundi
1483 571 1747 653 gaudia,
1803 572 1893 634 Et
1946 570 2402 634 blandimenta
2452 571 2695 633 noxia.
2801 569 3089 634 Caduca

621 660 744 722 rite
777 658 1122 742 deputanS,
1158 660 1462 722 Peruenit
1493 659 1578 722 ad
1603 658 1889 723 celestia.

765 747 973 809 Penas
1007 748 1290 809 cucurrit
1322 746 1575 809 fortiter
1608 746 1701 809 Et
1750 745 2015 808 sustulit
2062 744 2333 808 viriliter
2390 744 2520 806 Pro
2573 754 2649 807 te
2702 742 3084 807 effundens

617 835 1018 914 sanguinem
1056 834 1305 896 Eterna
1336 832 1512 896 dona
1539 833 1847 916 possidet.

759 921 870 984 Ob
929 920 1054 982 hoc
1119 930 1386 1002 precatu
1449 920 1728 1002 supplici
1792 920 1891 983 Te
1969 920 2301 1002 poscimus
2378 917 2689 1000 pijssime
2788 918 2875 980 In
2959 917 3086 980 hoc

624 1007 961 1090 triumpho
993 1009 1300 1088 martyris
1333 1008 1617 1070 Dimitte
1651 1027 1901 1070 noxam
1935 1005 2224 1069 seruulis.

761 1094 957 1171 LauS,
1003 1106 1069 1157 et
1133 1096 1437 1176 perennis
1497 1095 1708 1175 gloria
1774 1094 1922 1156 Deo
1985 1091 2196 1176 patri,l
2249 1091 2398 1155 filio.
2522 1091 2809 1155 Sancto
2877 1091 3084 1154 simul

619 1180 976 1262 paraclet0,
1014 1182 1089 1244 In
1122 1183 1522 1263 sempiterna
1554 1181 1792 1244 secula.
1883 1181 2124 1243 Amen.

754 1270 815 1330 Α
827 1268 1150 1349 ntzplcona.
1242 1268 1375 1350 Qui
1407 1268 1548 1330 vult
1578 1269 1802 1330 venire
1834 1278 1983 1349 post
2016 1288 2123 1330 me
2168 1266 2456 1348 abneget
2486 1267 2991 1349 semetipsum,
3023 1277 3090 1329 et

621 1355 815 1418 tollat
847 1376 1108 1418 crucem
1142 1376 1349 1431 suam,
1379 1365 1448 1418 et
1479 1365 1794 1436 sequatur
1825 1375 1948 1417 me.

1156 1509 1225 1579 (Ι
1276 1491 1624 1557 Commune
1638 1491 2081 1573 plurimorum
2114 1500 2498 1571 marafymm.

1304 1605 1364 1667 A
1377 1605 1430 1666 d
1451 1605 1849 1666 matutinum
1882 1603 2353 1665 inuitatorium.

759 1717 1013 1798 Regem
1051 1728 1413 1798 martyrum
1448 1716 1796 1779 dominum
1831 1717 2052 1779 venite
2085 1715 2451 1778 adoremus

1583 1853 1904 1932 Hymnus,

639 1965 986 2094 ETerna
1061 1965 1284 2027 christi
1362 1985 1654 2040 munera,
1734 1965 1822 2025 Et
1913 1974 2276 2043 martyrum
2367 1963 2683 2025 victorias
2787 1963 3087 2029 Laudes

809 2062 1122 2116 canentes
1153 2052 1412 2115 debitas
1448 2051 1630 2114 Letis
1662 2071 1981 2113 canamus
2014 2051 2361 2113 mentibus,

756 2139 1033 2202 Terrore
1064 2141 1241 2201 victo
1287 2137 1486 2201 seculi
1538 2140 1865 2219 Penisque
1914 2139 2149 2220 spretis
2197 2137 2503 2219 corporiS,
2563 2136 2821 2198 Mortis
2882 2160 3087 2202 sacre

611 2227 1019 2308 compendio
1050 2227 1280 2289 Vitam
1314 2227 1577 2288 beatam
1614 2225 1969 2307 possident.

755 2312 1138 2376 Traduntur
1201 2314 1334 2394 igni
1391 2322 1732 2393 martyreS,
1790 2313 1880 2375 Et
1941 2312 2297 2374 bestiarum
2361 2310 2695 2384 dentibuS,
2760 2311 3085 2376 Armata

621 2402 792 2462 seuit
824 2401 1086 2482 vngulis
1118 2401 1415 2463 Tortoris
1448 2401 1661 2461 insani
1696 2420 1948 2462 manus

762 2488 1030 2550 Nudata
1094 2487 1385 2570 pendent
1445 2488 1712 2561 viscera,
1791 2485 2079 2567 Sanguis
2154 2496 2447 2547 sacratus
2508 2484 2841 2560 funditur,
2935 2487 3080 2552 Sed

626 2585 1016 2657 permanent
1048 2574 1421 2637 immobiles
1452 2574 1610 2637 Vite
1643 2575 1949 2656 perennis
1981 2573 2208 2654 gratia.

757 2663 856 2724 Te
889 2682 1063 2724 nunc
1097 2663 1476 2743 redemptor
1507 2682 1887 2742 quesumus,
1910 2661 2006 2723 Vt
2029 2671 2393 2741 martyrum
2421 2661 2763 2722 consortio
2801 2661 3080 2746 Iungas

625 2760 969 2831 precantes
1000 2749 1294 2812 seruulos
1333 2750 1407 2810 In
1442 2750 1845 2830 sempiterna
1876 2746 2112 2811 secula.
2204 2748 2447 2810 Amen.

754 2836 1149 2917 Antszltona.
1227 2835 1582 2916 Tanquam
1638 2855 1870 2897 aurum
1939 2836 2001 2896 in
2069 2833 2332 2897 fornace
2411 2833 2723 2916 probauit
2805 2836 3081 2899 electos

611 2923 947 2999 dominuS,
976 2934 1044 2986 et
1075 2925 1262 3004 quasi
1294 2923 1681 2985 holocausta
1713 2923 1967 3004 accepit
1997 2942 2112 2984 eos
2145 2923 2209 2983 in
2241 2932 2560 2984 eternum.

1558 3088 1627 3158 (Ι
1669 3082 1890 3143 Tertia
1919 3082 2111 3145 lectic).

639 3195 1063 3323 NAtalem
1099 3196 1297 3257 hodie
1343 3195 1751 3258 dilectissimi
1784 3194 2195 3256 celebramus
2241 3204 2619 3255 sanctorum
2672 3208 3073 3276 martyrum

836 3283 915 3344 N.
949 3293 1015 3344 et
1068 3284 1149 3345 N.
1196 3285 1308 3364 qui
1356 3292 1863 3345 contemnentes
1912 3281 2377 3342 sceleratorum
2415 3281 2589 3341 iussa
2623 3282 3029 3365 principum
3060 3310 3079 3348 ;

626 3372 828 3432 modo
889 3382 1292 3432 coronantur
1352 3381 1418 3431 et
1480 3370 1813 3450 accipiunt
1864 3367 2157 3449 palmam
2207 3367 2527 3439 laborum,
2576 3369 2737 3448 quia
2785 3369 3073 3434 fundati

616 3468 812 3519 erant
866 3478 1063 3538 supra
1119 3456 1373 3518 firmam
1434 3466 1709 3537 petram,
1762 3455 1828 3518 id
1882 3465 1981 3517 est
2037 3454 2391 3518 Christum.
2509 3453 2614 3517 De
2669 3456 2939 3519 talibus
3006 3474 3078 3521 et

624 3544 1004 3606 huiusmodi
1039 3544 1380 3625 apostolus
1414 3555 1637 3604 mente
1684 3550 2121 3623 compunctus
2154 3542 2594 3623 ingemiscens
2627 3543 2759 3603 ait:
2817 3544 3073 3609 Sancti

625 3630 910 3693 ludibria
972 3642 1040 3692 et
1100 3631 1372 3692 verbera
1448 3630 1728 3711 experti,
1791 3631 2060 3711 insuper
2119 3639 2186 3691 et
2249 3627 2509 3690 vincula
2586 3640 2654 3691 et
2730 3650 3074 3707 carceres

623 3719 900 3799 lapidati
952 3728 1125 3793 sunt,
1156 3719 1315 3779 secti
1366 3728 1537 3792 sunt,
1571 3718 1807 3778 tentati
1841 3728 2014 3791 sunt,
2047 3717 2111 3777 in
2161 3716 2491 3778 occisione
2536 3715 2745 3797 gladij
2803 3725 3072 3784 mortui

619 3815 795 3867 sunt.
919 3805 1332 3867 Circuierunt
1392 3806 1455 3865 in
1520 3803 1784 3865 melotis
1830 3815 1897 3866 et
1946 3805 2008 3865 in
2059 3802 2340 3885 pellibus
2400 3804 2707 3883 caprinis,
2754 3819 3076 3884 egentes,

618 3892 1004 3973 angustiati,
1035 3890 1280 3967 afflicti,
1328 3890 1568 3973 quibus
1614 3890 1855 3970 dignus
1902 3910 2033 3951 non
2083 3900 2222 3952 erat
2271 3888 2576 3951 munduS.
2670 3890 2765 3952 Et
2817 3892 3078 3958 beatus

622 3979 984 4059 Gregorius
1017 3980 1080 4040 in
1113 3980 1534 4059 expositione
1565 3978 1910 4039 cuiusdam
1958 3976 2288 4058 euangelij
2327 3976 2503 4038 Ecce
2539 3978 2825 4058 (inquit)
2865 3984 3077 4046 electi

627 4066 753 4128 Dei
815 4086 1083 4127 carnem
1139 4067 1436 4140 domant,
1491 4066 1794 4147 spiritum
1852 4064 2165 4126 roborant
2219 4064 2615 4125 demonibus
2671 4066 3079 4146 imperant:

620 4153 976 4215 virtutibus
1051 4168 1450 4227 corruscant,
1515 4152 1841 4233 presentia
1919 4150 2310 4233 despiciunt,
2379 4162 2675 4212 eternam
2759 4158 3077 4234 patriam

620 4241 894 4303 vocibus
944 4238 1392 4321 moribusque2
1427 4238 1786 4321 predicant.
1881 4237 2051 4300 Eam
2100 4240 2303 4300 etiam
2354 4238 2699 4299 moriendo
2758 4239 3079 4323 diligunt

615 4339 823 4408 atque
855 4326 941 4389 ad
976 4327 1156 4389 illam
1195 4348 1308 4408 per
1338 4336 1671 4388 tormenta
1718 4327 2076 4406 attingunt.
2169 4324 2404 4388 Occidi
2437 4334 2739 4406 possunt,
2773 4338 2850 4390 et
2888 4330 3079 4397 flecti

915 4485 931 4516 ¹
969 4495 1050 4537 etz
1085 4488 1196 4537 add.
1228 4487 1304 4550 38.
1337 4494 1429 4536 etc.
2123 4483 2145 4515 ²
2179 4486 2524 4549 motibusque:
2561 4483 2643 4534 60.
