3293 5225
561 439 660 489 3220
1351 426 1540 475 OCTA
1557 427 1648 474 VA
1697 426 2215 476 VISITATIONIS.
2752 428 2897 490 [Itu.
2926 440 2981 487 7.

561 578 1070 663 naufragantem
1103 580 1189 642 de
1218 578 1554 662 profundo
1584 579 1803 663 pelagi
1836 580 2176 643 liberauit:
2219 581 2470 644 exaudi
2501 602 2624 645 nos
2653 581 2983 664 propitius

559 678 629 730 et
702 667 1037 731 concede·:
1110 677 1181 729 vt
1242 667 1592 730 amborum
1670 668 1963 730 meritis:
2034 669 2407 731 eternitatis
2478 669 2760 751 gloriam
2819 689 2980 731 con·

559 774 933 837 sequamur.
1023 752 1156 836 Qui
1188 755 1358 816 viuis
1386 765 1456 817 et
1487 774 1743 837 regnaS,
1770 767 1895 817 etc.

970 896 1037 966 ΙΙ
1088 889 1337 953 Octaua
1366 891 1795 972 apostolorum
1824 890 2024 952 Petri
2043 902 2110 954 et
2136 889 2369 953 Paulil
2399 889 2570 954 duo.2

723 976 941 1039 Hodie
969 978 1190 1039 omnia
1217 977 1531 1040 dt‘cuntur
1553 979 1632 1038 de
1656 979 1989 1040 communi
2010 980 2439 1060 apostolorum
2456 989 2679 1059 preter
2702 979 2815 1060 ,ι’ᾔ.

1365 1065 1688 1126 lectionem
1718 1076 1783 1126 et
1807 1067 2175 1128 orationem.

982 1168 1206 1231 Tertia
1234 1169 1412 1231 lectio
1439 1190 1649 1231 sermo
1675 1171 1892 1232 sancti
1914 1169 2151 1232 Leonis
2163 1169 2567 1251 presbyten'.³

570 1281 979 1411 OMnium
1041 1281 1311 1362 quidem
1373 1293 1753 1345 sanctorum
1814 1281 2286 1344 solennitatum
2336 1282 2746 1345 dilectissimi
2800 1292 2992 1346 totus

745 1368 1033 1431 mundus
1110 1381 1212 1432 est
1274 1370 1625 1450 particeps,
1677 1381 1746 1431 et
1805 1370 1998 1432 vnius
2074 1369 2226 1432 fidei
2288 1370 2503 1452 pietas
2582 1371 2832 1453 exigit:
2905 1381 2980 1431 vt

565 1455 879 1537 quicquid
927 1476 1048 1537 pro
1091 1456 1305 1518 salute
1352 1457 1810 1520 uniuersorum
1858 1456 2131 1519 sestum⁴
2160 1456 2483 1532 recolitur,
2513 1457 2989 1520 communibus

566 1543 793 1623 vtique
885 1542 1152 1625 gaudijs
1237 1543 1620 1606 celebretur.
1728 1543 2185 1606 Veruntamen
2258 1544 2578 1606 hodierna
2651 1544 2987 1606 festiuitas

568 1642 788 1711 preter
833 1630 1015 1692 illam
1065 1631 1499 1692 reuerentiam
1547 1650 1751 1711 quam
1800 1641 1947 1693 toto
1991 1641 2312 1693 terrarum
2360 1631 2519 1694 orbe
2580 1632 2984 1714 promeruit:

568 1716 837 1799 speciali
884 1727 952 1779 et
998 1717 1264 1799 propria
1296 1728 1519 1779 nostre
1549 1717 1727 1781 vrbis
1757 1719 2175 1781 exultatione
2205 1719 2586 1780 veneranda
2616 1728 2736 1793 est,
2764 1727 2837 1780 vt
2866 1718 2978 1779 vbi

569 1806 1030 1887 precipuorum
1099 1804 1578 1887 Apostolorum
1640 1804 2046 1887 glorificatus
2104 1814 2206 1867 est
2265 1807 2532 1868 exitus:
2606 1807 2695 1868 ibi
2750 1807 2816 1867 in
2870 1805 2985 1868 die

569 1891 867 1973 martyrij
919 1911 1148 1953 eorum
1201 1893 1288 1954 sit
1337 1893 1544 1954 letitie
1593 1892 2015 1974 principatus,
2112 1892 2229 1955 Isti
2277 1894 2454 1954 enim
2502 1905 2657 1955 sunt
2696 1892 2817 1954 viri
2864 1912 2983 1974 per

569 1998 737 2059 quos
785 1978 903 2042 tibi
966 1978 1410 2061 “’euangelium
1475 1978 1723 2042 Christi
1770 1979 2017 2042 Roma⁵
2062 1978 2487 2060 resplenduit,
2531 1990 2598 2042 et
2661 1999 2790 2060 que
2834 1999 2985 2041 eras

571 2065 886 2148 magistra
940 2067 1191 2139 erroriS,
1242 2066 1569 2149 discipula
1632 2066 1810 2129 facta
1875 2087 1947 2129 es
1992 2067 2305 2129 veritatis.
2400 2066 2516 2129 Isti
2564 2077 2719 2130 sunt
2765 2068 2981 2130 sancti

568 2163 790 2236 patres
821 2153 916 2214 tui
950 2153 1216 2233 verique
1247 2164 1548 2234 pastores
1573 2177 1586 2215 ε
1631 2155 1744 2235 qui
1779 2165 1845 2217 te
1877 2154 2097 2235 regnis
2128 2154 2483 2216 celestibus
2514 2155 2935 2217 inserendam
2961 2178 2982 2215 :

569 2238 784 2303 multo
832 2239 1066 2302 melius
1113 2240 1458 2320 multoque
1505 2240 1757 2303 felicius
1801 2242 2274 2304 condiderunt:
2320 2261 2521 2322 quam
2556 2240 2647 2303 illi
2694 2260 2976 2322 quorum

569 2326 793 2390 studio
839 2328 1052 2410 prima
1099 2329 1393 2390 menium
1439 2339 1707 2390 tuorum
1757 2328 2194 2390 fundamenta
2238 2328 2454 2390 locata
2485 2339 2641 2390 sunt
2670 2348 2708 2390 e
2739 2328 2979 2409 quibus

570 2415 624 2476 is
671 2413 782 2495 qui
828 2413 948 2477 tibi
992 2434 1235 2477 nomen
1270 2415 1454 2478 dedit
1487 2414 1776 2477 fraterna
1807 2425 1874 2477 te
1904 2414 2065 2477 cede
2098 2416 2366 2478 sedauit.
2461 2415 2579 2478 Isti
2613 2425 2768 2477 sunt
2799 2417 2977 2477 enim

570 2502 678 2581 qui
713 2509 781 2564 te
813 2501 877 2563 in
912 2501 1083 2564 hanc
1115 2501 1394 2581 gloriam
1431 2512 1922 2584 prouexerunt:
1967 2512 2039 2564 vt
2071 2503 2159 2564 sis
2192 2523 2355 2583 gens
2379 2512 2652 2564 sancta:
2694 2500 2979 2584 populus

565 2587 850 2653 electus:
925 2589 1161 2652 ciuitas
1221 2588 1649 2653 sacerdotalis
1702 2599 1769 2652 et
1832 2590 2010 2673 regia
2072 2610 2189 2673 per
2245 2609 2501 2653 sacram
2566 2589 2742 2652 beati
2805 2588 2982 2651 Petri

569 2676 795 2739 sedem
867 2686 1069 2759 caput
1130 2678 1334 2740 totius
1393 2677 1572 2739 orbis
1631 2675 1904 2739 effecta:
1980 2677 2175 2740 latius
2238 2675 2604 2760 presidens⁶
2662 2677 2982 2759 religione

571 2764 834 2826 diuina:
916 2783 1117 2844 quam
1195 2764 1653 2826 dominatione
1728 2774 2005 2827 terrena.
2097 2763 2425 2846 Quamuis
2499 2764 2678 2826 enim
2757 2763 2980 2825 multis

573 2859 769 2915 aucta
801 2850 1092 2931 victorijs
1145 2851 1245 2913 ius
1297 2849 1550 2933 imperij
1600 2850 1697 2913 tui
1744 2862 1917 2914 terra
1951 2852 2246 2932 marique
2278 2852 2715 2914 distenditur:
2763 2852 2983 2913 minus

574 2948 798 3000 tamen
850 2948 950 2999 est
1001 2949 1164 3019 quot
1214 2938 1333 3000 tibi
1386 2937 1660 3001 bellicus
1715 2938 1903 3001 labor
1951 2937 2285 3000 subdidit:
2352 2958 2552 3019 quam
2602 2939 2780 3019 quod
2845 2957 2981 3021 pax

575 3024 953 3089 Christiana
983 3025 1276 3089 subiecit.

708 3111 951 3175 Oratio.
1044 3111 1231 3175 Deus
1263 3112 1449 3174 cuius
1480 3114 1778 3175 dextera.
1810 3121 1914 3175 etc.
1946 3121 2020 3174 vt
2044 3123 2261 3192 supra.

839 3271 906 3341 ΙΙ
951 3266 1081 3328 Die
1107 3267 1371 3348 septimo
1401 3267 1478 3328 dc
1507 3275 1732 3327 octaua
1763 3263 2201 3330 ‘visitationis⁷
2289 3265 2501 3328 Lectio
2531 3266 2740 3329 tertia.

591 3378 1066 3508 BEatissima
1097 3378 1284 3459 virgo
1316 3379 1419 3440 dei
1453 3379 1747 3459 genitrix
1784 3378 2000 3441 Maria
2032 3399 2071 3439 a
2120 3378 2253 3441 suis
2285 3377 2665 3461 primordijs
2711 3377 2991 3440 domino

763 3475 1163 3539 consecrata,
1195 3475 1466 3548 propter
1499 3464 1819 3527 beneficia
1852 3467 1993 3527 eius
2040 3466 2340 3528 inaudita
2385 3466 2690 3527 exhibita
2722 3464 2992 3565 populo

579 3553 959 3615 inuocanti:
1007 3572 1240 3615 omnes
1272 3553 1336 3614 in
1386 3553 1784 3614 necessitate
1839 3552 2183 3615 constituti
2235 3553 2319 3615 ad
2370 3572 2519 3614 eam
2575 3552 2992 3634 coniugiunt,

578 3650 901 3721 tanquam
937 3641 1020 3701 ad
1056 3639 1388 3739 singulare
1421 3640 1833 3701 remedium:
1862 3640 1974 3702 vbi
2007 3637 2404 3702 humanum⁸
2434 3639 2801 3701 subsidium
2850 3658 2987 3700 non

579 3725 820 3790 sufficit
896 3726 1302 3809 requisitum.
1442 3726 1762 3807 Disponit
1840 3746 2132 3808 namque
2207 3727 2434 3788 omnia
2495 3724 2801 3789 inferiora
2868 3746 2991 3788 sua

580 3813 950 3896 sapientia:
999 3814 1419 3894 prouidentia
1466 3823 1532 3875 et
1582 3813 1907 3876 industria
1955 3812 2361 3896 propulsata.
2476 3813 2632 3894 Ipsa
2678 3813 2856 3876 enim
2904 3833 2995 3874 ex

580 3898 991 3963 abundantia
1024 3901 1234 3981 gratie
1267 3900 1389 3963 sibi
1423 3899 1579 3962 date
1610 3910 1713 3962 est
1745 3920 1901 3964 cura
1948 3920 2251 3963 curarum
2298 3920 2449 3963 cum
2483 3901 2569 3963 sit
2617 3897 2999 3973 visitatrix,⁹

584 3988 830 4062 nutrix,
890 3988 1317 4069 genitrixque
1366 3987 1710 4050 bonorum.
1825 3986 2092 4051 Gaudet
2146 3998 2370 4051 autem
2427 3988 2591 4050 deus
2640 3998 2707 4050 et
2753 3986 2999 4050 letatur

583 4095 698 4156 per
729 4073 951 4137 secula
985 4073 1257 4157 quando
1284 4074 1506 4155 regine
1541 4073 1666 4136 celi
1692 4085 1932 4136 cuncta
1967 4074 2191 4138 debite
2224 4083 2380 4137 sunt
2423 4074 2741 4138 subiecta.
2862 4073 2997 4136 Vbi

680 4234 812 4285 d1e¹
836 4234 882 4283 6.
913 4251 971 4283 m
996 4252 1061 4283 m.

678 4298 950 4415 {aql-flexu·
986 4298 1066 4363 38.
1097 4313 1177 4363 43.
1207 4315 1286 4362 44.
1316 4312 1395 4361 49.
1428 4299 1506 4349 61.
1537 4299 1614 4363 63.
1648 4298 1727 4360 64.
1815 4302 2000 4364 duplex
2024 4302 2198 4350 minus
2211 4317 2230 4349 .·
2263 4313 2340 4364 39.
2370 4314 2448 4363 41.

823 4382 883 4413 us
904 4367 1008 4414 also
1032 4364 1109 4428 38.
1174 4374 1321 4429 pape.
1354 4378 1432 4427 39.
1461 4374 1546 4415 etc.
1708 4364 1989 4429 *gestumz
2027 4379 2105 4429 39.
2136 4376 2230 4416 etc.

681 4429 701 4459 ¹⁵
703 4429 788 4467 —5
823 4430 988 4479 Roma
1025 4431 1343 4495 euangelium
1369 4431 1588 4481 Christi:
1626 4442 1703 4493 39.
1734 4443 1813 4491 41.
2427 4429 2738 4508 “presidesz
2775 4446 2859 4497 43.

681 4495 701 4527 ⁷
734 4495 830 4545 die.
866 4508 892 4557 7
919 4512 976 4544 m
1001 4512 1065 4547 m.
1096 4512 1226 4547 :.0m
1259 4494 1338 4558 38.
1718 4492 1739 4526 ⁸
1771 4511 2038 4559 magnum:
2075 4508 2155 4559 43.
2423 4494 2446 4527 ⁹
2478 4497 2699 4548 visitrix:
2736 4497 2817 4562 38.
