3293 5225
510 433 657 481 AUG.
699 432 805 493 24]
1024 433 1077 480 S.
1107 432 1608 483 BERNARDUS:
1653 433 1705 482 S.
1746 433 2434 484 BARTHOLOMAElls.
2825 446 2920 497 323

508 586 686 647 enim
735 586 912 666 quod
945 583 1103 648 veri¹
1138 595 1339 648 testes
1388 606 1518 647 non
1563 595 1802 661 essent,
1833 587 1955 648 nisi
1990 598 2056 651 et
2089 608 2315 650 eorum
2352 587 2735 650 resurrectio
2766 607 2920 649 vera

507 683 697 736 esset.
791 673 984 735 Vnde
1048 684 1113 735 et
1177 673 1409 735 beatus
1465 674 1695 736 Petrus
1743 674 1994 735 dixisse
2045 674 2296 755 legitur,
2344 694 2496 736 cum
2552 676 2636 736 de
2693 672 2919 737 Dauid

509 759 887 841 loqueretur
947 761 1009 822 in
1068 761 1543 823 testimonium.
1636 760 1727 822 Et
1777 761 2213 842 sepulchrum,
2266 762 2497 843 inquit,
2544 762 2685 823 eius
2738 760 2919 844 apud

510 867 630 909 nos
684 857 802 922 est,
848 849 1036 928 quasi
1093 868 1225 909 non
1280 848 1361 911 sit
1411 867 1613 909 ausus
1662 848 1897 923 dicere,
1938 849 2118 929 quod
2169 850 2306 930 ipse
2352 859 2468 911 aut
2508 868 2748 931 corpus
2780 849 2921 910 eius

507 937 682 1016 apud
743 956 863 997 nos
914 945 1030 1008 est,
1076 937 1189 997 sed
1243 945 1503 998 tantum
1560 935 1978 1016 sepulchrum
2038 936 2102 996 in
2159 956 2292 1016 quo
2337 936 2645 997 conditus
2692 936 2921 999 fuerat.

514 1022 693 1084 Hinc
745 1024 933 1085 aiunt
983 1024 1419 1084 resurrexisse
1472 1033 1538 1085 et
1593 1023 1808 1103 ipsum
1865 1042 2015 1084 cum
2074 1024 2307 1085 ceteris
2354 1023 2601 1084 sanctis
2654 1032 2721 1086 et
2770 1024 2922 1085 ideo

505 1129 788 1171 vacuum
868 1110 1260 1171 remansisse
1339 1108 1749 1171 mausoleum
1827 1110 1920 1171 vti
1998 1130 2173 1171 nunc
2248 1110 2373 1171 hoc
2449 1110 2643 1171 beate
2708 1109 2919 1171 Marie

507 1196 811 1260 cernitur.
922 1196 1121 1278 Quod
1202 1217 1362 1259 sane
1441 1195 1689 1259 factum
1770 1206 1836 1259 et
1915 1198 1998 1257 de
2077 1196 2224 1277 alijs
2292 1196 2698 1277 quibuslibet
2759 1196 2919 1258 locis

508 1283 973 1365 scripturarum
1009 1283 1336 1345 affirmare
1368 1294 1691 1345 conantur
1722 1285 1901 1363 quod
1934 1283 2001 1345 hi
2037 1284 2165 1345 iam
2200 1305 2350 1345 cum
2387 1283 2606 1348 Cristo
2639 1292 2919 1364 regnent

509 1370 572 1432 in
671 1381 896 1432 eterna
989 1373 1305 1433 societate
1387 1371 1772 1433 resuscitati.
1865 1368 2065 1451 Quod
2144 1371 2299 1451 quia
2376 1373 2504 1433 deo
2581 1370 2741 1433 nihil
2818 1380 2921 1433 est

508 1458 931 1539 impossibile,
958 1478 1076 1520 nec
1110 1479 1232 1520 nos
1264 1460 1348 1520 de
1379 1457 1574 1520 beata
1611 1457 1824 1518 Maria
1859 1459 2106 1520 sactum
2134 1457 2503 1531 abnuimuS,
2531 1477 2917 1539 quanquam

508 1555 775 1626 propter
805 1545 1132 1607 cautelam
1167 1546 1352 1607 salua
1386 1544 1516 1607 fide
1553 1545 1663 1626 pio
1697 1546 1908 1625 magis
1941 1544 2270 1606 desiderio
2301 1546 2555 1627 opinari
2590 1555 2919 1627 oporteat,

506 1651 705 1711 quam
741 1632 1110 1696 inconsulte
1140 1633 1420 1694 diffinire
1452 1634 1628 1713 quod
1665 1633 1805 1693 sine
1839 1632 2128 1713 periculo
2161 1633 2466 1696 nescitur.

1317 1777 1384 1846 (Ι
1429 1771 1813 1833 Bernardus
1842 1769 2106 1835 Abba5.‘-’

520 1882 975 2011 BErnardus
1077 1885 1398 1946 Fontanis
1474 1883 1683 1964 (quod
1761 1883 2105 1947 castellum
2183 1895 2284 1946 est
2359 1885 2420 1946 in
2504 1883 2923 1967 Burgundia)

660 1969 956 2032 honestis
1034 1971 1415 2053 parentibus
1494 1982 1688 2034 natus
1764 1981 2064 2053 tempore
2128 1971 2410 2053 Eugenij
2495 1993 2666 2054 pape
2740 1971 2914 2052 tertij

504 2065 642 2119 tam
704 2067 885 2119 caste
947 2067 1013 2120 et
1073 2069 1302 2120 sancte
1357 2059 1707 2139 pueritiam
1766 2058 2417 2140 adolescentiamque
2473 2060 2792 2133 traduxit,
2850 2069 2921 2122 vt

502 2163 661 2226 sepe
754 2165 793 2207 a
891 2145 1272 2207 mulieribus
1363 2155 1629 2227 propter
1709 2148 2043 2227 egregiam
2120 2147 2262 2207 eius
2360 2145 2918 2227 pulchritudinem

503 2232 912 2308 sollicitatuS,
946 2252 1284 2312 nunquam
1335 2243 1610 2314 peccato
1657 2242 1723 2294 et
1755 2233 1933 2294 carni
1968 2234 2388 2313 acquieuerit.
2481 2233 2662 2315 Quin
2696 2242 2768 2296 vt
2800 2233 2919 2295 has

503 2320 907 2381 tentationes
983 2318 1322 2401 effugeret,
1396 2319 1629 2400 viginti
1710 2321 1876 2382 duos
1953 2339 2164 2382 annos
2228 2330 2422 2382 natus
2483 2321 2919 2383 cisterciensis

503 2405 752 2467 ordinis
805 2405 1170 2467 monachus
1221 2406 1434 2468 factus
1476 2405 1723 2487 vigilijs
1770 2417 1835 2467 et
1883 2406 2294 2469 orationibus
2335 2407 2603 2470 mirifice
2635 2408 2919 2481 deditus,

504 2493 568 2553 in
648 2493 849 2554 nimia
921 2503 1311 2575 paupertate
1361 2494 1565 2555 vitam
1644 2494 2059 2555 sanctissime
2136 2496 2468 2575 perduxit.
2562 2494 2677 2557 Ab
2736 2496 2919 2556 omni

504 2578 867 2643 ambitione
966 2589 1103 2643 tam
1201 2581 1471 2654 alienuS,
1546 2590 1616 2643 vt
1699 2580 2092 2643 Ianuensem
2171 2591 2239 2644 et
2319 2580 2920 2644 Mediolanensem3

503 2669 923 2749 episcopatus
1000 2667 1152 2751 sibi,
1201 2667 1460 2730 oblatos
1521 2668 2056 2731 constantissime
2118 2670 2537 2744 recusauerit,
2598 2680 2788 2732 tanto
2849 2690 2921 2732 se

506 2774 778 2816 munere
855 2756 1200 2835 indignum
1271 2776 1413 2818 esse
1479 2756 1827 2838 professus
1924 2755 2054 2817 Hic
2119 2754 2326 2817 multa
2389 2776 2589 2837 opera
2651 2758 2919 2838 egregia

504 2842 897 2923 composuit,
966 2842 1267 2904 doctrina
1361 2844 1656 2924 preditus
1735 2842 1950 2904 infusa
2028 2843 2242 2924 magis
2319 2843 2638 2905 diuinitus
2714 2863 2915 2924 quam

502 2927 887 2990 humanitus
952 2940 1155 3011 parta.
1269 2930 1573 2991 Tandem
1638 2949 1817 2991 anno
1879 2950 1994 2991 sue
2049 2931 2246 2992 etatis
2295 2930 2918 3011 sexagesimotertio

503 3016 689 3096 graui
785 3016 1018 3078 morbo
1101 3027 1456 3099 correptuS,
1547 3017 1889 3078 monachis
1966 3016 2426 3079 assistentibus
2508 3017 2919 3095 charitatem,

503 3103 966 3177 humilitatem,
1011 3124 1088 3166 ac
1135 3104 1523 3185 patientiam
1591 3105 1729 3166 iure
1790 3104 2171 3167 testamenti
2249 3104 2624 3184 relinquens
2693 3103 2919 3167 multis

504 3188 833 3251 miraculis
865 3190 1076 3252 clarus
1109 3212 1148 3252 a
1179 3193 1315 3253 vita
1352 3191 1659 3272 migrauit
1691 3191 1848 3272 ‚xiij.
1881 3191 2192 3254 calendas
2228 3191 2654 3273 Septembris

630 3332 697 3401 (Ι
741 3327 1123 3388 Notandum
1154 3328 1329 3408 quod
1332 3329 1583 3407 festum
1613 3328 1830 3390 sancti
1854 3327 2296 3390 Bartlzolomez'
2318 3326 2463 3389 licet
2489 3338 2668 3389 extra
2700 3329 2915 3391 vrbem

501 3412 780 3474 Romam
813 3414 1235 3476 communiter
1275 3415 1619 3476 celebretur
1659 3415 1763 3476 die
1794 3432 1910 3493 ‚24
1957 3415 2161 3476 Rome
2191 3424 2404 3477 tamen
2436 3414 2789 3477 celebratur
2815 3416 2919 3478 die

502 3513 620 3578 25.
684 3500 821 3561 ideo
873 3501 1077 3562 Rome
1128 3502 1232 3562 die
1279 3519 1395 3580 .24.
1445 3503 1583 3563 nisi
1604 3503 1829 3580 fuerit
1872 3502 2194 3563 dominica
2238 3511 2358 3562 aut
2400 3502 2739 3565 sabbatum
2775 3502 2918 3583 fiat

499 3585 770 3666 officium
803 3588 880 3648 de
907 3598 1122 3650 sancto
1154 3588 1465 3650 Lodout'co
1496 3590 1637 3650 licet
1667 3598 2109 3669 anteponatur,
2140 3599 2203 3649 et
2230 3590 2335 3650 die
2357 3606 2412 3651 ‚2
2425 3603 2474 3668 5.
2501 3588 2921 3653 celebrabitur

501 3674 734 3735 festum
765 3676 978 3736 sancti
1003 3676 1454 3739 Bartholomei.

955 3818 1022 3887 (Ι
1069 3812 1556 3875 Bartholomeus
1583 3812 1901 3893 apostolus
1929 3812 2163 3893 duplex
2192 3812 2449 3876 maius!

1588 3927 1830 3990 Oratio.

504 4035 1038 4165 OMnipotens
1116 4039 1517 4119 sempiterne
1594 4039 1776 4113 deus,
1836 4037 1947 4118 qui
2019 4037 2210 4099 huius
2273 4037 2402 4098 diei
2464 4038 2913 4100 venerandam

678 4135 1112 4205 sanctamque
1176 4126 1451 4188 letitiam
1517 4126 1579 4186 in
1646 4125 1820 4187 beati
1900 4124 2212 4206 Apostoli
2291 4124 2384 4187 tui
2464 4124 2915 4188 Bartholomei

503 4210 896 4274 Festiuitate
945 4212 1246 4287 tribuisti,
1293 4213 1379 4275 da
1429 4213 1704 4274 ecclesie
1754 4221 1865 4273 tue
1928 4232 2289 4293 quesumus
2344 4220 2410 4273 et
2464 4232 2689 4274 amare
2734 4212 2911 4292 quod

496 4298 793 4374 credidit,
824 4310 890 4362 et
925 4301 1262 4381 predicare
1295 4301 1471 4381 quod
1507 4300 1768 4362 docuit:
1820 4300 1957 4361 Per.

600 4432 614 4462 ¹
653 4434 839 4483 veteri:
877 4449 954 4499 43.
1680 4434 1702 4465 ²
1735 4434 1801 4485 di.
1835 4448 1895 4497 23
1921 4436 1978 4482 in
2004 4451 2068 4482 m.
2146 4435 2307 4482 Lectio
2330 4446 2395 4496 3:
2429 4435 2541 4482 add.
2567 4432 2643 4497 38.
2676 4447 2754 4497 39.
2783 4447 2863 4495 41.

604 4498 623 4527 ³
663 4499 1087 4552 Mediolanensis:
1124 4517 1202 4563 44.
1678 4500 1699 4529 ⁴
1732 4501 1797 4549 di.
1829 4515 1906 4561 24·
1938 4502 1995 4548 in
2019 4516 2083 4549 m.

2519 4579 2566 4628 Y
2614 4581 2650 4626 2
