3293 5225
924 464 1217 512 DOMINI
1220 464 1307 512 CA
1347 463 1446 511 XI.
1488 464 1681 512 POST
1708 464 1868 512 PEN
1873 465 1921 512 T
1913 465 1965 513 E
1971 465 2014 513 C
2017 465 2142 513 OS?
2146 464 2272 514 'EM
2706 477 2800 526 207

938 668 1232 730 Sabbato.
1324 666 1435 728 Ex
1462 664 1525 729 i.¹
1558 666 1858 748 Regum.ss
1947 667 2157 729 Lectio
2188 668 2245 731 .ι’.

398 779 691 907 FActa
722 790 822 844 est
853 781 1076 862 itaque
1108 799 1345 842 manus
1376 778 1628 840 domini
1678 799 1877 860 super
1927 778 2323 842 Philistheos
2472 779 2571 842 ius
2623 780 2798 862 regis

511 887 623 950 qui
658 876 1047 949 regnaturus
1078 875 1179 928 est
1211 885 1407 948 super
1451 885 1579 927 eos,

786 1034 853 1103 {I
902 1027 1267 1091 Secundum
1299 1025 1716 1090 Mattheum.³
1832 1026 2043 1089 Lectio
2070 1029 2361 1091 secunda.

387 1137 644 1269 CVm
692 1149 917 1202 autem
969 1147 1444 1221 persequentur
1495 1159 1614 1199 vos
1665 1137 1729 1200 in
1782 1138 2050 1201 ciuitate
2105 1140 2338 1202 ista
2379 1160 2511 1202 non
2564 1142 2796 1222 perdet

540 1226 910 1289 mercedem
945 1245 1152 1288 suam.

539 1403 606 1472 {I
651 1397 998 1460 Dominica
1028 1397 1128 1459 ..τιζ
1150 1406 1301 1476 post
1312 1405 1707 1477 pentecosten
1741 1417 1828 1459 ex.
1863 1398 1920 1460 .i.
1954 1398 2138 1478 Regu
2145 1398 2254 1461 mc*
2341 1398 2553 1461 Lectio
2584 1400 2644 1463 .z‘.

397 1508 676 1636 DIxit
726 1509 951 1591 itaque
1009 1508 1277 1572 Samuel
1329 1508 1552 1570 omnia
1606 1509 1808 1572 verba
1865 1509 2137 1572 Domini
2202 1509 2287 1572 ad
2351 1511 2787 1593 populum

562 1597 1015 1679 vnusquisque
1047 1594 1140 1657 in⁵
1172 1595 1512 1658 ciuitatem
1548 1616 1757 1659 suam.

898 1763 965 1832 {I
1016 1756 1382 1821 Secundum
1413 1756 1839 1819 Mattheum.⁰
1929 1758 2137 1821 Lectio
2169 1759 2251 1839 .ῂῖ

522 1870 581 1931 Τ
617 1872 864 1933 sactum
898 1880 998 1932 est
1024 1892 1035 1927 :
1061 1868 1231 1932 Cum
1265 1880 1794 1932 consummasset
1832 1870 2015 1931 Iesus
2049 1871 2417 1951 precipiens
2567 1872 2630 1933 in
2680 1872 2787 1936 die

552 1957 795 2036 iudicij,
829 1977 1029 2038 quam
1066 1956 1202 2020 tibi.

1001 2118 1221 2179 Tertia
1252 2117 1429 2179 lectio
1458 2117 1804 2178 secundum
1838 2117 1928 2178 M
1925 2138 2078 2178 areu
2085 2115 2194 2180 m.⁷

395 2232 527 2360 IN
563 2231 677 2294 illo
697 2241 996 2330 tempore
1023 2255 1035 2292 :
1059 2231 1314 2330 Efziens
1341 2230 1525 2329 Iesus
1556 2229 1640 2290 de
1664 2226 1903 2290 finibus
1935 2229 2095 2310 Tyri
2124 2232 2304 2293 venit
2329 2252 2446 2313 per
2468 2231 2787 2332 Sidonem

490 2320 574 2381 ad
612 2339 791 2381 mare
826 2317 1080 2381 Galilee
1114 2327 1284 2379 inter
1315 2317 1570 2378 med1os
1603 2315 1768 2378 fines
1804 2316 2238 2398 Decapoleos
2334 2319 2423 2380 Et
2456 2319 2723 2401 reliqua.

944 2486 1011 2555 {I
1056 2480 1141 2542 H
1134 2476 1397 2552 omelia†
1426 2479 1640 2541 sancti
1675 2478 1734 2540 G
1737 2479 1981 2559 regort'j
1988 2490 2167 2560 pape.

388 2594 845 2723 Vlgilanter
894 2591 1286 2656 intuendum
1348 2601 1450 2653 est
1504 2589 1684 2673 quod
1740 2611 1902 2653 voce
1951 2591 2203 2655 domini
2255 2593 2338 2654 ad
2392 2595 2787 2677 prophetam

551 2683 793 2744 dicitur
869 2691 939 2743 vt
1004 2682 1183 2762 prius
1265 2681 1405 2742 eius
1468 2698 1806 2740 sermones
1867 2679 2095 2741 audiat
2185 2688 2251 2742 et
2356 2683 2786 2762 postmodum

384 2768 707 2852 loquatur.
800 2766 1233 2831 Audiuimus⁸
1285 2767 1462 2829 enim
1518 2764 1719 2827 verba
1775 2765 2024 2827 Deizsi
2077 2766 2352 2829 facimus
2401 2778 2468 2830 et
2519 2780 2678 2831 tunc
2709 2791 2788 2832 ea

384 2857 706 2937 proximis
741 2867 915 2918 recte
949 2855 1282 2937 loquimur
1311 2873 1495 2916 :cum
1530 2853 1711 2934 prius
1744 2853 1868 2933 ipsi
1917 2851 2279 2917 fecerimus,
2372 2855 2571 2936 Quod
2620 2856 2789 2920 bene

388 2945 651 3006 Marcus
698 2942 1108 3024 euangelista
1156 2940 1716 3003 confirmatzcum
1782 2938 2031 3002 factum
2079 2941 2331 3002 domini
2397 2944 2784 3006 miraculum

384 3040 622 3105 narrat,
652 3031 878 3092 dicens
908 3054 920 3091 ε
950 3029 1319 3091 Adducunt
1350 3029 1407 3089 ei
1442 3025 1715 3088 surdum
1749 3035 1814 3087 et
1850 3035 2106 3088 mutum
2136 3051 2148 3089 :
2174 3036 2241 3089 et
2260 3027 2790 3109 deprecabantur

382 3138 533 3180 eum
594 3140 606 3180 ε
658 3128 728 3180 vt
788 3119 1157 3198 imponeret
1219 3116 1310 3177 illi
1376 3134 1665 3176 manum.
1785 3112 1991 3176 Cuius
2053 3114 2351 3177 ordinem
2428 3118 2789 3179 curationis

383 3206 672 3267 insinuat
718 3203 1026 3267 subdens,
1121 3203 1306 3265 Misit
1352 3202 1597 3282 digitos
1643 3220 1798 3262 suos
1846 3201 1910 3261 in
1961 3201 2789 3287 auriculaszexpuensque

383 3293 603 3373 tetigit
635 3290 931 3373 linguam
980 3291 1138 3364 eiuS,
1170 3301 1235 3351 et
1283 3285 1674 3369 suspiciens⁹
1706 3288 1769 3348 in
1803 3288 2016 3349 celum
2067 3288 2390 3369 ingemuit
2423 3302 2489 3353 et
2526 3292 2621 3354 ait
2653 3293 2742 3354 illi
2776 3316 2788 3354 :

387 3379 668 3458 Epheta‚
700 3378 879 3459 quod
914 3387 1014 3440 est
1045 3378 1404 3458 adaperire.
1498 3376 1587 3436 Et
1608 3375 1837 3436 statim
1864 3386 2090 3455 aperte
2122 3386 2276 3441 sunt
2307 3396 2496 3439 aures
2535 3380 2689 3454 eiuS,
2722 3389 2789 3443 et

383 3465 673 3528 solutum
707 3475 809 3528 est
842 3464 1174 3526 vinculum
1211 3464 1432 3543 lingue
1464 3463 1603 3523 eius
1630 3470 1731 3524 :et
1764 3461 2157 3542 loquebatur
2188 3473 2378 3526 recte.
2472 3465 2651 3546 Quid
2686 3479 2788 3529 est

385 3553 560 3615 enim
594 3554 774 3634 quod
808 3562 1064 3614 creator
1093 3551 1392 3612 omnium
1427 3548 1591 3611 deus
1621 3568 1806 3611 :cum
1840 3547 2114 3611 surdum
2146 3560 2213 3611 et
2263 3561 2520 3613 mutum
2555 3573 2788 3617 sanare

383 3640 829 3702 voluisset:in
863 3658 1052 3701 aures
1087 3637 1257 3699 illius
1289 3657 1443 3699 suos
1489 3635 1737 3718 digitos
1785 3636 2093 3697 misitzet
2139 3655 2442 3719 expuens
2489 3639 2785 3721 linguam

387 3727 527 3789 eius
578 3727 848 3808 tetigit?
939 3724 1119 3806 Quid
1177 3745 1296 3805 per
1347 3724 1591 3803 digitos
1643 3722 2083 3804 redemptoris
2127 3746 2139 3785 ε
2189 3724 2312 3785 nisi
2347 3727 2525 3787 dona
2575 3728 2786 3791 sancti

387 3814 653 3895 spiritus
674 3814 1150 3894 designantur?
1240 3810 1441 3873 Vnde
1461 3830 1610 3871 cum
1637 3811 1700 3871 in
1724 3809 1870 3872 loco
1903 3810 2033 3872 alio
2053 3810 2353 3873 eiecisset
2384 3812 2788 3891 demonium,

386 3900 699 3964 dixitzsi
748 3900 813 3961 in
866 3900 1079 3980 digito
1144 3898 1269 3960 Dei
1332 3898 1525 3977 eijcio
1586 3896 2263 3978 demonia:profecto
2312 3900 2493 3962 venit
2543 3900 2606 3962 in
2671 3922 2788 3964 vos

384 4007 661 4069 regnum
728 3987 875 4049 Dei.
997 3986 1150 4067 Qua
1210 3985 1296 4047 de
1373 4005 1439 4047 re
1502 4004 1619 4062 per
1693 3984 2177 4065 euangelistam
2257 3984 2457 4047 aliurn
2531 3988 2786 4052 dixisse

384 4075 789 4137 describitur.
882 4074 951 4137 Si
985 4093 1112 4155 ego
1147 4074 1210 4134 in
1245 4071 1476 4153 spiritu
1516 4070 1641 4132 Dei
1677 4069 1866 4151 eijcio
1898 4070 2226 4145 demonia,
2261 4072 2458 4153 igitur
2490 4077 2789 4156 peruenit

388 4163 450 4222 in
484 4182 602 4223 vos
637 4181 912 4243 regnum
951 4158 1148 4222 Dei.¹0

473 4321 487 4350 ¹
522 4324 681 4370 libro:
715 4324 825 4371 add.
853 4321 933 4383 63.
1244 4317 1267 4348 2
1298 4319 1402 4379 [vii.
1438 4318 1664 4380 13—viii.
1693 4319 1767 4379 9.]
2073 4316 2092 4345 ³²
2126 4318 2196 4379 [x.
2227 4323 2462 4382 23—42.]

474 4386 494 4416 ⁴
526 4388 648 4447 [viii.
683 4389 881 4449 10-22.]
1244 4383 1264 4412 ³
1297 4384 1393 4433 ad:
1429 4383 1508 4446 63.

478 4450 500 4481 ⁶
533 4454 620 4503 Ca.
657 4466 729 4501 11.
759 4454 819 4499 in
843 4469 909 4500 m.
939 4452 1026 4512 [xi.
1061 4452 1227 4511 1—24.]
1288 4451 1405 4512 Cap.
1442 4462 1481 4497 1.
1512 4448 1591 4511 38.
2076 4447 2095 4478 ⁷
2130 4450 2219 4499 Ca.
2250 4461 2277 4511 7
2303 4452 2361 4498 in
2386 4469 2451 4500 m.

476 4516 497 4546 ⁸
532 4517 810 4567 Audimus:
849 4530 927 4579 39.
956 4531 1037 4579 41.
1066 4516 1143 4578 63.
1248 4513 1269 4544 ⁹
1302 4515 1604 4579 suscipiens:
1642 4525 1722 4575 39.
2064 4511 2102 4542 ¹⁰
2135 4514 2210 4564 Te
2233 4515 2413 4565 deum:
2456 4520 2566 4566 add.
2596 4518 2675 4580 63.
