3293 5225
483 437 579 488 324
971 426 1023 473 S.
1053 423 1728 474 BARTHOLOMAEUS
1740 438 1758 472 .·
1801 424 1855 473 S.
1886 423 2367 474 ZEPHIRINUS.
2601 422 2769 485 [AUG.
2811 422 2895 471 28.

1468 619 1682 682 Lectio
1713 620 1921 683 tertia.

502 732 1094 863 BArtholomeus
1171 732 1514 815 apostolus
1580 732 1852 794 natione
1930 730 2222 795 Galileus
2300 732 2364 792 in
2427 751 2507 792 ea
2568 730 2900 792 diuisione

643 820 821 884 orbis
913 829 1232 883 terrarum
1331 839 1465 900 qua
1538 817 1823 901 apostoli
1901 819 2106 880 totius
2181 817 2517 882 christiani
2596 815 2894 898 mysterij

486 907 833 970 certissimi
917 917 1118 970 testes
1195 907 1367 969 inter
1439 927 1510 968 se
1586 906 1979 988 prouinciaS,
2052 914 2123 967 vt
2200 904 2445 969 Christi
2523 905 2895 966 doctrinam

490 994 923 1076 predicarent,
974 994 1196 1077 partiti
1251 1003 1424 1070 sunt,
1473 992 1887 1074 Lycaoniam
1937 992 2207 1055 sortitus
2257 994 2322 1054 in
2378 992 2638 1054 Indiam
2690 1011 2898 1072 vsque

491 1083 882 1164 penetrauit,
913 1092 979 1145 et
1011 1080 1432 1162 euangelium
1466 1082 1657 1143 iuxta
1694 1080 1979 1143 Matthei
2012 1079 2438 1142 traditionem
2472 1079 2537 1141 in
2580 1077 2896 1141 Indorum

487 1189 861 1231 sermonem
968 1170 1312 1240 conuertit,
1418 1177 1486 1231 et
1591 1166 1910 1229 latissime
2021 1167 2402 1247 predicauit.
2540 1165 2900 1247 Quumque

490 1257 899 1337 prouinciam
931 1275 1121 1318 suam
1155 1255 1324 1317 bene
1354 1264 1555 1336 atque
1585 1252 1853 1316 vtiliter¹
1877 1252 2422 1327 administrasset,
2452 1251 2904 1333 compluribus

489 1343 575 1405 ad
639 1342 882 1407 Christi
947 1343 1146 1406 fidem
1202 1343 1556 1415 conuersis,
1603 1342 1814 1403 multa
1868 1361 1986 1423 pro
2040 1340 2308 1405 Christo
2372 1341 2523 1402 Iesu
2577 1339 2901 1422 supplicia

490 1430 749 1492 interim
871 1450 1104 1513 passus
1215 1429 1280 1491 in
1397 1428 1789 1491 Armeniam
1899 1427 2217 1490 maiorem
2331 1428 2527 1491 venit.
2666 1426 2900 1509 Ibique

494 1515 982 1580 Palemonium2
1072 1535 1292 1597 regern
1383 1535 1533 1578 cum
1617 1515 1901 1595 coniuge
1982 1525 2050 1578 et
2139 1514 2270 1578 ‚xii.
2353 1512 2731 1577 ciuitatibus
2810 1514 2898 1577 ad

494 1603 738 1667 Christi
849 1604 1099 1667 cultum
1197 1603 1517 1667 traduxit.
1641 1602 2006 1682 Multisque
2097 1601 2427 1664 miraculis
2522 1601 2717 1663 editis
2810 1602 2898 1663 ad

492 1702 901 1774 postremum
979 1712 1018 1753 a
1097 1688 1498 1752 Palemonis³
1565 1688 1782 1764 fratre,
1845 1687 2254 1771 pontificum,
2313 1689 2426 1770 qui
2502 1687 2899 1750 demonibus

494 1777 872 1841 seruiebant
933 1799 1126 1840 suasu
1193 1775 1580 1839 interficitur
1643 1776 1813 1858 pelle
1879 1777 2056 1856 prius
2110 1777 2428 1852 detracta,
2477 1785 2548 1838 vt
2611 1775 2898 1837 atrocius

492 1865 903 1947 expenderet
957 1864 1367 1947 supplicium.
1456 1865 1690 1944 Atque
1741 1864 1866 1925 hoc
1904 1862 2174 1944 quidem
2210 1863 2506 1943 martyrij
2541 1882 2781 1945 genere
2810 1862 2897 1924 ad

494 1951 708 2015 celum
760 1952 1029 2032 spiritus
1076 1953 1214 2014 eius
1259 1951 1554 2013 euolauit
1601 1951 1709 2013 .ix.
1757 1948 2070 2012 calendas
2121 1949 2548 2032 Septembris,
2640 1948 2899 2031 Corpus

494 2050 718 2102 autem
782 2040 847 2100 in
897 2039 1144 2101 Abano
1190 2038 1512 2101 Armenie
1543 2037 1703 2099 vrbe
1748 2038 2093 2099 conditum
2144 2037 2354 2099 multo
2402 2046 2556 2119 post
2600 2046 2900 2117 tempore

494 2124 581 2187 ad
661 2126 996 2208 Lyparam
1079 2125 1301 2190 Sicilie
1362 2126 1779 2187 adiacentem
1831 2124 2114 2186 insulam
2168 2123 2464 2188 delatum
2521 2134 2638 2187 est.
2732 2123 2899 2186 Inde

496 2213 954 2276 Beneuentum
1002 2213 1175 2275 circa
1228 2231 1477 2274 annum
1537 2210 1782 2275 Christi
1833 2210 2163 2292 D.cccviij.
2212 2210 2624 2274 translatum.
2720 2211 2897 2272 Hinc

492 2310 727 2382 postea
762 2301 1069 2375 Romam,
1100 2299 1208 2362 vbi
1240 2299 1510 2381 egregia
1542 2298 1768 2380 populi
1800 2299 2226 2361 veneratione
2256 2299 2510 2362 colitur.

1185 2442 1252 2511 (Ι
1298 2436 1366 2498 Z
1366 2434 1702 2517 eplzirinus
1716 2447 1897 2516 papa
1929 2435 2224 2516 martyr.⁴¹

502 2536 1002 2667 ZEpherinus
1052 2537 1265 2619 patria
1315 2536 1680 2610 Romanus,
1711 2535 1824 2616 qui
1873 2535 2099 2599 Seueri
2149 2535 2566 2619 imperatoris
2604 2545 2899 2618 tempore

654 2625 961 2707 pontifex
1026 2633 1283 2686 creatus
1344 2633 1465 2698 est,
1510 2622 1704 2685 rebus
1770 2623 2012 2685 diuinis
2078 2624 2290 2705 magis
2342 2643 2544 2704 quam
2593 2622 2900 2685 humanis

491 2712 785 2776 intentus
858 2712 943 2773 de
1017 2711 1259 2773 iudicio
1326 2720 1728 2773 secretorum
1790 2725 2212 2792 pcccatorum
2275 2711 2367 2773 sic
2428 2711 2704 2793 scripsit.
2793 2709 2901 2771 De

492 2798 767 2862 occultis
816 2798 1013 2862 alieni
1062 2797 1279 2860 cordis
1333 2806 1581 2860 temere
1636 2798 1943 2871 iudicare,
2007 2807 2353 2878 peccatum
2386 2807 2505 2861 est.
2598 2797 2687 2859 Et
2731 2816 2900 2870 eum,

492 2886 675 2949 cuius
722 2906 854 2950 non
902 2885 1210 2949 videntur
1254 2905 1457 2966 opera
1504 2884 1626 2945 nisi
1676 2884 1868 2959 bona,
1910 2884 2208 2965 iniquum
2257 2894 2358 2947 est
2403 2905 2492 2947 ex
2541 2883 2903 2966 suspitione

493 2974 989 3055 reprehendere,
1030 2993 1182 3035 cum
1238 2991 1486 3046 eorum,
1517 2991 1646 3052 que
1696 2970 2078 3033 hominibus
2132 2981 2288 3034 sunt
2344 2972 2683 3053 incognita
2723 2970 2901 3032 solus

493 3063 657 3125 deus
776 3059 981 3123 iudex
1099 3060 1201 3121 sit.
1343 3059 1510 3120 Item
1617 3059 1702 3120 de
1805 3058 2331 3122 ordinationibus
2421 3058 2515 3121 sic
2606 3056 2903 3120 instituit.

496 3147 969 3212 Ordinationes
1045 3144 1316 3227 (inquit)
1392 3146 1927 3226 presbyterorum
2020 3155 2087 3209 et
2173 3146 2521 3208 leuitarum
2604 3155 2904 3225 ternpore

495 3254 808 3316 congru0,
881 3243 948 3295 et
1042 3231 1268 3295 multis
1359 3253 1580 3294 coram
1682 3232 2053 3294 astantibus
2136 3233 2494 3295 solenniter
2567 3233 2763 3315 agite,
2835 3240 2904 3293 et

500 3319 902 3404 propabiles⁵
972 3340 1046 3381 ac
1123 3320 1356 3382 doctos
1416 3318 1590 3381 viros
1666 3318 1749 3381 ad
1827 3319 1953 3382 hoc
2027 3339 2195 3400 opus
2257 3319 2620 3402 prouehite.
2714 3318 2902 3381 Idem

497 3418 796 3490 preterea
858 3407 1139 3471 instituit
1185 3417 1256 3468 vt
1303 3426 1537 3468 omnes
1583 3406 1919 3468 christiani
1966 3426 2117 3468 cum
2165 3406 2248 3469 ad
2300 3407 2666 3489 pubertatis
2697 3424 2904 3467 annos

498 3496 968 3578 peruenissent,
1043 3493 1319 3575 singulis
1394 3494 1584 3555 annis
1663 3494 1725 3554 in
1806 3493 2061 3555 solenni
2138 3494 2246 3555 die
2330 3493 2574 3575 pasche
2650 3492 2907 3575 publice

501 3582 1071 3644 communicarent
1120 3580 1288 3643 Cum
1369 3590 1591 3642 autem
1669 3579 1952 3642 sedisset
2027 3601 2239 3643 annos
2316 3601 2580 3656 nouem,
2643 3599 2903 3642 menses

497 3679 772 3753 septem,
805 3669 944 3731 dies
990 3667 1219 3730 decem
1255 3668 1318 3728 in
1355 3667 1811 3749 persecutione
1844 3666 2173 3729 Antonini
2210 3668 2526 3748 martyrio
2556 3676 2907 3730 coronatus

497 3767 599 3819 est
658 3767 726 3819 et
786 3753 1081 3837 sepultus
1142 3755 1206 3815 in
1269 3754 1376 3816 via
1450 3753 1678 3836 Appia
1740 3773 1871 3815 non
1933 3752 2204 3836 longea
2263 3755 2619 3818 cemeterio
2679 3753 2908 3817 Calisti

499 3844 785 3926 septimo
816 3841 1127 3904 calendas
1162 3840 1588 3923 Septembris,

656 3985 722 4055 (Ι
767 3980 828 4041 Α
842 3978 1188 4060 agustinus
1216 3976 1534 4058 episcopus
1562 3975 1920 4057 confessor.⁶
1950 3978 2183 4059 duplex
2210 3978 2444 4041 minus.
2538 3977 2780 4042 Oratio,

510 4084 874 4214 ADesto·
918 4080 1523 4180 supplicationibus·
1566 4080 1818 4181 nostris·
1854 4082 2278 4164 omnipotens
2331 4082 2513 4156 deuS,
2558 4091 2624 4144 et
2671 4081 2910 4164 quibus

679 4170 989 4233 fidumam
1065 4168 1391 4250 sperande
1459 4177 1725 4248 pietatis
1802 4168 2106 4250 indulges
2185 4170 2634 4233 intercedente
2717 4169 2914 4232 beato

599 4297 616 4328 ¹
649 4297 886 4346 viriliter:
925 4309 1001 4358 39.
1931 4293 1953 4324 ²
1990 4296 2343 4345 Palemonem:
2380 4309 2458 4359 39.
2487 4309 2566 4356 41.

595 4364 616 4393 ³
653 4361 958 4425 Palemonij:
995 4374 1073 4424 43.
1102 4373 1180 4422 49.
1212 4358 1289 4408 61.
1321 4359 1399 4420 64.

597 4427 618 4458 ⁴
650 4429 718 4477 di.
749 4427 825 4476 26.
856 4428 913 4474 in
938 4442 1002 4475 m.
1079 4427 1239 4475 Lectio
1260 4427 1445 4474 tertia:
1477 4426 1587 4474 adei.
1619 4424 1696 4488 38.
1728 4437 1806 4487 39.
1836 4437 1914 4486 41.

597 4492 617 4523 ⁵
651 4492 967 4558 probabiles:
1004 4490 1081 4555 38.
1111 4499 1204 4540 etc.
1933 4487 1955 4520 ⁶
1986 4491 2053 4540 di.
2086 4490 2162 4540 28.
2194 4493 2253 4540 in
2276 4508 2342 4542 m.
