3293 5225
962 466 1345 516 DOMINJCA
1381 466 1739 518 SECUNDA
1779 468 1822 514 Α
1837 463 2207 514 DVENTUS.
2741 469 2795 522 51

887 650 955 720 ΙΙ
988 643 1355 708 Secund-um
1387 643 1675 709 Lucam.¹
1765 644 1981 708 Lectio
2008 641 2300 705 secunda.

398 758 697 886 ANno
787 766 1010 820 autem
1100 756 1598 839 quintodecimo
1675 755 1930 839 imperij
2009 752 2281 836 Tyberij
2369 750 2628 816 Cesaris

568 843 831 906 inclusit
870 843 1189 906 Ioannem
1222 846 1288 906 in
1322 865 1668 908 carcerem.
2736 883 2866 997 s

589 999 657 1069 (I
682 993 1031 1056 Dominica
1057 993 1336 1056 secunda
1362 993 1683 1056 aduentus
1711 1014 1792 1055 ex
1826 989 2052 1056 Ιεαίαν.Ξ
2132 989 2339 1053 Lectio
2354 990 2599 1069 prima.

521 1105 832 1170 Etabitur
892 1106 1154 1169 deserta
1213 1115 1281 1168 et
1335 1106 1536 1182 inuia,
1581 1117 1650 1170 et
1694 1105 2031 1170 exultabit
2078 1102 2387 1174 solitudo,
2431 1111 2499 1164 et
2543 1097 2805 1163 florebit

546 1194 735 1276 quasi
768 1193 976 1255 lilium
1126 1192 1335 1276 fugiet
1366 1193 1557 1256 dolor
1585 1204 1655 1257 et
1685 1193 1989 1275 gemitus,

981 1348 1046 1417 {I
1083 1341 1453 1405 Secundum
1485 1341 1783 1406 Lucam.⁸
1869 1341 2081 1404 Lectio
2111 1340 2225 1422 ,ill4

409 1455 773 1583 FActum
820 1465 922 1518 est
966 1463 1190 1548 autem
1254 1473 1403 1516 cum
1453 1454 1902 1537 baptizaretur
1960 1453 2179 1515 omnis
2242 1449 2524 1534 populus
2693 1447 2807 1529 qui

553 1542 674 1604 suit
709 1540 955 1618 Adam,
984 1542 1097 1622 qui
1134 1540 1256 1603 fuit
1290 1540 1433 1603 Dei.

913 1723 978 1792 (Ι
1010 1717 1226 1779 Lectio
1260 1716 1375 1798 ἐξ).
1469 1716 1837 1779 Secundum
1869 1712 2286 1777 Mattltcum.5

483 1829 542 1891 N
579 1829 692 1891 illo
724 1841 1026 1911 tempore
1057 1848 1208 1892 cum
1243 1830 1540 1893 audisset
1589 1829 1879 1892 Ioannes
1912 1830 1977 1890 in
2024 1825 2302 1890 vinculis
2326 1845 2528 1907 opera
2561 1822 2805 1889 Christi

508 1918 781 1979 mittens
827 1915 994 1978 duos
1026 1916 1112 1978 de
1143 1915 1486 1999 discipulis
1518 1918 1653 1979 suis
1702 1917 1796 1979 ait
1828 1914 1964 1991 ἰ11ἰ,6
1997 1915 2100 1977 Tu
2134 1935 2205 1976 es
2236 1913 2348 1995 qui
2380 1921 2692 1975 venturus
2737 1931 2809 1972 es

397 2024 480 2066 an
516 2004 717 2065 alium
749 2008 1236 2085 expectamus?
1269 2015 1336 2065 et
1368 2002 1637 2086 reliqua.

973 2157 1041 2227 (I
1084 2148 1437 2233 Homelz'a†
1468 2150 1710 2215 Sancti
1740 2152 1800 2215 G
1804 2151 2046 2234 regonj'
2054 2161 2234 2232 pape.
2319 2101 2324 2110 ‹

544 2264 932 2327 Verendum
980 2263 1171 2327 nobis
1215 2275 1318 2328 est
1363 2264 1596 2328 fratres
1640 2264 2024 2328 charissimi.
2138 2265 2422 2327 Ioannes
2469 2260 2812 2344 propheta,

573 2361 641 2414 et
664 2352 816 2433 plus
840 2370 1042 2433 quam
1078 2351 1402 2434 propheta
1430 2375 1444 2413 :
1489 2352 1604 2434 qui
1629 2353 2005 2415 venientem
2032 2351 2116 2414 ad
2151 2350 2452 2413 Iordanis
2478 2348 2811 2430 baptisma

397 2437 741 2500 dominum
820 2436 1114 2501 ostendit
1189 2439 1431 2502 dicens,
1547 2439 1726 2503 Ecce
1799 2459 2013 2521 agnus
2087 2438 2193 2501 dei
2255 2457 2409 2499 ecce
2467 2437 2582 2518 qui
2636 2434 2811 2498 tollit

401 2538 675 2607 peccata
737 2525 987 2598 mundi,
1047 2526 1160 2607 qui
1221 2535 1290 2588 et
1355 2525 1800 2590 humilitatem
1861 2546 2052 2589 suam
2114 2536 2181 2589 et
2241 2523 2607 2589 diuinitatis
2667 2522 2809 2584 eius

402 2614 770 2695 potentiam
848 2612 1293 2690 consideran3‚
1367 2612 1543 2677 dicit.
1667 2612 1798 2697 Qui
1874 2614 1959 2677 de
2033 2625 2207 2678 terra
2275 2623 2417 2676 est:
2493 2610 2578 2674 de
2638 2620 2810 2673 terra

406 2701 735 2781 loquitur:
790 2701 903 2781 qui
950 2712 1174 2762 autem
1223 2701 1307 2763 de
1353 2702 1498 2764 celo
1542 2703 1767 2764 venit:
1823 2722 2023 2783 super
2067 2721 2301 2763 omnes
2345 2711 2464 2764 est.
2563 2698 2698 2763 Cur
2741 2698 2805 2759 in

402 2807 660 2849 carcere
681 2788 936 2867 positus
960 2787 1233 2850 mittens
1265 2788 1626 2871 discipulos
1661 2791 1933 2870 requirit
1961 2813 1974 2852 :
2021 2798 2093 2851 tu
2126 2809 2195 2851 es
2221 2788 2335 2870 qui
2363 2797 2676 2850 venturus
2700 2805 2809 2847 es:

402 2894 487 2936 an
535 2873 737 2936 alium
783 2881 1269 2955 expectamus?
1316 2886 1634 2957 tanquam
1685 2879 1735 2938 si
1785 2877 2088 2957 ignoret:
2135 2896 2336 2958 quem
2383 2873 2809 2938 ostenderat:

401 2972 470 3022 et
557 2980 643 3023 an
719 2961 862 3042 ipse
951 2961 1037 3024 sit
1127 2962 1415 3025 nesciat:
1505 2983 1706 3043 quem
1784 2964 2000 3045 ipsum
2079 2983 2223 3025 esse
2310 2960 2810 3044 prophetando:

401 3046 807 3130 baptizando
859 3047 1279 3111 ostendendo
1332 3048 1834 3114 clamauerunffl
1933 3049 2068 3115 Sed
2124 3049 2244 3112 hec
2299 3050 2492 3113 citius
2545 3048 2809 3130 questio

402 3136 697 3209 soluitur,
727 3135 780 3196 si
812 3146 998 3216 geste
1032 3136 1120 3197 rei
1154 3145 1419 3217 tempus
1449 3147 1518 3200 et
1548 3138 1714 3198 ordo
1747 3147 2075 3219 pensetur.
2168 3137 2280 3199 Ad
2310 3134 2598 3199 iordanis
2629 3135 2806 3197 enim

402 3221 609 3285 fluent
632 3222 953 3303 apositus,
971 3223 1127 3303 quia
1153 3223 1294 3305 ipse
1320 3223 1701 3304 redemptor
1726 3225 1957 3287 mundi
1982 3234 2155 3286 esset
2182 3225 2476 3286 asseruit.
2567 3222 2811 3285 Missus

402 3310 649 3370 veroin
674 3328 1004 3372 carcerem
1023 3319 1243 3372 vtrum
1277 3310 1478 3372 alium
1512 3321 1874 3391 expectent
1900 3308 1941 3374 :8
1987 3332 2071 3374 an
2098 3312 2239 3393 ipse
2266 3310 2488 3374 veniat
2521 3310 2809 3392 requirit.

406 3395 562 3458 Non
594 3396 752 3477 quia
783 3396 1001 3478 ipsum
1034 3417 1178 3459 esse
1210 3397 1440 3460 mundi
1476 3397 1967 3479 redemptorem
2001 3398 2260 3461 dubitet
2291 3421 2303 3458 :
2351 3397 2466 3460 sed
2492 3398 2706 3480 querit
2739 3408 2811 3461 vt

401 3483 571 3545 sciat
603 3483 659 3544 si
690 3481 746 3544 is
775 3484 888 3564 qui
923 3503 1041 3565 per
1071 3504 1141 3546 se
1173 3485 1238 3546 in
1277 3484 1598 3548 mundum
1634 3495 1923 3561 venerat,
1955 3505 2071 3566 per
2106 3506 2179 3547 se
2211 3486 2414 3548 etiam
2461 3487 2545 3547 ad
2595 3483 2812 3547 inseri⁰

400 3569 691 3632 claustra
721 3569 1100 3633 descendat.
1193 3571 1411 3654 Quem
1443 3574 1620 3634 enim
1658 3592 2039 3652 precurrens
2075 3572 2328 3635 mundo
2366 3572 2813 3646 nunciauerat‚

402 3658 580 3718 hunc
635 3656 999 3731 moriend0,
1055 3668 1123 3721 et
1175 3657 1261 3720 ad
1318 3658 1559 3721 inferos
1613 3659 2084 3722 descendendo
2139 3658 2580 3741 precurrebat.
2687 3658 2811 3721 Ait

401 3763 579 3826 ergo,
689 3742 795 3805 Tu
838 3764 912 3806 es
961 3744 1074 3826 qui
1124 3755 1439 3808 venturus
1486 3766 1577 3822 eS,
1625 3766 1711 3808 an
1766 3747 1969 3809 alium
2024 3751 2511 3827 expectamus?
2604 3746 2708 3808 Ac
2757 3747 2809 3807 si

401 3840 633 3913 aperte
662 3830 858 3893 dicat.
953 3830 1139 3895 Sicut
1173 3852 1294 3914 pro
1326 3832 1705 3896 hominibus
1752 3834 1930 3895 nasci
1976 3834 2293 3917 dignatus
2338 3854 2427 3903 ες.
2471 3854 2557 3896 an
2604 3834 2807 3896 etiam

405 3938 526 3997 pro
600 3917 980 3979 hominibus
1042 3919 1207 3981 mori
1268 3919 1560 4001 digneris
1621 3921 1900 3995 insinua,
1960 3930 2030 3984 vt
2091 3922 2203 4002 qui
2266 3921 2636 3984 natiuitatis
2698 3931 2810 3983 tue

402 4024 747 4086 precursor
798 4002 1064 4081 ¹⁰extiti,
1119 4006 1350 4068 mortis
1403 4008 1604 4069 etiam
1663 4006 2057 4090 precursor¹⁰
2110 4007 2284 4084 fiam,
2337 4018 2404 4071 et
2458 4017 2808 4071 venturum

402 4091 662 4155 inferno
691 4100 760 4154 te
806 4093 1115 4154 nunciem
1162 4113 1361 4174 quem
1408 4094 1540 4157 iam
1587 4095 1847 4157 venisse
1893 4094 2148 4157 mundo
2193 4095 2520 4158 nunciaui.
2610 4095 2812 4157 Vnde

399 4190 470 4242 et
516 4177 869 4260 inquisitus
915 4177 1266 4242 dominus:
1331 4182 1735 4245 enumeratis
1781 4182 2082 4264 potentie
2127 4201 2243 4244 sue
2292 4181 2664 4244 miraculis:
2728 4182 2812 4244 de

494 4329 516 4423 ἐ
552 4330 643 4380 Ca.
672 4343 719 4393 3.
750 4331 808 4379 in
832 4346 897 4380 m.
926 4330 1017 4392 [iii.
1054 4334 1219 4393 1-20.]
1257 4396 1279 4427 ⁴
1364 4416 1377 4429 ι
1414 4398 1446 4448 6
1607 4332 1630 4363 ²
1663 4335 1750 4386 Ca.
1783 4346 1859 4398 35.
1888 4336 1943 4383 in
1966 4352 2032 4385 m.
2060 4335 2425 4429 [xxxv31—10.]
2511 4401 2521 4411 θ

495 4458 518 4491 ⁶
546 4395 651 4510 {111ss
669 4394 832 4511 216-638
833 4396 876 4459 ⁸]
1263 4462 1283 4494 ⁷
1312 4409 1650 4514 {lamgheratz
1687 4466 1765 4529 38.
1794 4474 1886 4516 etc.
2218 4463 2240 4494 ⁸
2270 4400 2686 4529 ἓρεὶιῐῑωξῖεηὲὀ.

502 4524 525 4556 ⁹
558 4526 779 4577 mferm:
816 4525 894 4590 38.
925 4536 1018 4577 etc.
1256 4526 1403 4565 ¹⁰—²⁰
1435 4546 1529 4579 om.
1560 4528 1638 4593 38.

2431 4610 2559 4658 ΕΖ
