3293 5225
581 449 687 501 320
1008 437 1100 487 OC
1106 438 1196 486 TA
1213 437 1301 486 VA
1327 438 1381 487 S.
1410 436 1506 485 LA
1520 435 1739 487 UREN
1738 436 1788 484 T
1781 437 1854 484 II
1866 436 1979 485 ET
1992 437 2560 488 ASSUMPTJONJS.
2720 440 2887 501 [AUG-
2921 438 2993 489 18.

580 591 980 674 copulentur
1009 590 1302 654 humana
1335 589 1597 663 diuinis,
1628 598 1889 651 terrena
1918 589 2290 666 celestibus,
2322 590 2457 652 ima
2487 592 2782 655 summis,
2878 593 3000 656 Illo

579 680 765 742 enim
812 679 1113 741 ascendit
1159 678 1407 741 fructus
1456 687 1625 740 terre
1667 676 1986 750 sublimiS,
2015 676 2192 738 vnde
2221 679 2382 739 data
2426 678 2684 758 optima
2714 688 2781 742 et
2826 678 3004 743 dona

589 765 880 848 perfecta
901 766 1333 828 descendunt.
1425 764 1819 827 Ascendens
1842 783 2003 843 ergo
2029 764 2092 826 in
2126 763 2334 826 altum
2360 764 2547 845 virgo
2579 765 2795 842 beata,
2818 766 3005 830 dabit

583 855 735 936 ipsa
778 872 1045 935 quoque
1104 853 1284 914 dona
1327 850 1722 914 hominibus
1814 849 1993 931 Quid
2044 850 2110 912 ni
2162 850 2397 915 daret?
2488 852 2833 934 Siquidem
2883 875 3004 917 nec

583 941 870 1004 facultas
918 941 978 1002 ei
1029 939 1259 1002 deesse
1315 938 1574 1019 poterit,
1625 957 1746 999 nec
1794 936 2120 1001 voluntas,
2232 939 2494 1018 Regina
2547 941 2838 1004 celorum
2885 951 3005 1018 est,

592 1028 958 1091 misericors
989 1035 1106 1088 est.
1200 1025 1509 1106 Denique
1535 1032 1747 1087 mater
1769 1035 1870 1086 est
1895 1025 2216 1106 vnigeniti
2251 1024 2362 1107 filij
2391 1027 2517 1090 dei.
2610 1027 2792 1090 Nihil
2825 1028 3003 1091 enim

584 1115 683 1177 sic
718 1122 938 1196 potest
977 1113 1330 1194 potestatis
1359 1113 1517 1187 eiuS,
1550 1131 1664 1173 seu
1698 1111 1965 1193 pietatis
1999 1111 2485 1193 magnitudine1
2516 1117 3007 1181 commendare.

721 1200 938 1263 Hodie
982 1212 1234 1281 vespere
1277 1199 1587 1261 dii-untur
1633 1198 1712 1260 de
1751 1206 1967 1260 sancto
2011 1196 2385 1275 Laurentio,
2414 1209 2478 1263 et
2520 1201 2768 1263 dieitur
2805 1203 3005 1265 Anti-

575 1288 801 1371 phona
835 1287 1175 1368 assignata
1217 1287 1283 1349 ei
1320 1286 1418 1348 ad
1424 1286 1691 1367 primas
1735 1297 2043 1366 vesperas,
2075 1286 2180 1349 die
2221 1297 2438 1350 autem
2468 1298 2757 1351 crastina
2787 1291 3006 1352 omnia

589 1375 758 1438 siem
800 1376 869 1437 in
914 1375 1054 1438 eius
1079 1375 1257 1454 festo
1287 1383 1514 1455 preter
1551 1372 1853 1443 lectiones.
1898 1381 1961 1435 et
1985 1372 2083 1455 fit
2123 1375 2634 1438 commemoratio
2664 1376 2744 1438 de
2783 1386 3008 1440 octaua

583 1460 791 1527 2beate
819 1460 1126 1544 virgini?
1143 1473 1272 1543 per
1295 1460 1646 1523 orationem
1680 1468 1952 1522 tantum.

908 1580 975 1649 (Ι
1005 1572 1137 1635 Die
1166 1587 1284 1650 .17.
1315 1581 1540 1634 octaua
1567 1572 1783 1633 sancti
1806 1571 2414 1655 Laurentis—duplex
2439 1573 2701 1638 minus.³

1046 1673 1159 1754 ,iifl
1190 1672 1365 1734 lectio
1393 1692 1601 1734 sermo
1628 1671 1842 1733 sancti
1867 1671 1927 1732 A
1939 1672 2239 1753 agustini
2261 1673 2543 1755 episcopi.

607 1785 1066 1914 BEatissimi
1102 1782 1441 1863 Laurentij
1479 1784 1788 1864 martyris
1819 1783 2005 1846 cuius
2033 1783 2321 1847 natalem
2355 1785 2554 1848 hodie
2577 1786 3007 1864 celebramuS,

753 1873 1126 1954 passionem
1163 1890 1359 1933 nosse
1388 1891 1508 1932 vos
1540 1870 1760 1946 credo,
1789 1879 1857 1932 et
1901 1881 2155 1952 quanta
2200 1872 2266 1933 in
2301 1874 2761 1954 persecutione
2793 1887 3011 1958 pertu-

589 1958 757 2034 lerit,
786 1959 1209 2021 dilectionem
1251 1967 1538 2020 vestram
1585 1958 1754 2019 scire
1799 1978 1993 2039 posse
2040 1978 2172 2020 non
2221 1960 2473 2023 dubito.
2563 1960 2787 2024 Tanta
2830 1964 3009 2026 enim

588 2047 735 2109 eius
760 2046 1055 2128 martyrij
1093 2045 1301 2126 gloria
1324 2045 1573 2120 extitit,
1594 2055 1667 2109 vt
1700 2045 2008 2126 passione
2038 2065 2158 2108 sua
2184 2047 2507 2109 mundum
2540 2047 3011 2112 illuminauerit

591 2133 991 2196 vniuersum.
1089 2131 1498 2195 Illuminauit
1546 2133 1869 2194 mundum
1926 2133 2122 2214 plane
2170 2134 2569 2197 Laurentius
2613 2155 2697 2198 eo
2743 2135 3011 2213 lumine,

588 2241 730 2302 quo
776 2221 917 2304 ipse
962 2240 1278 2283 accensus
1322 2228 1425 2281 est
1482 2230 1549 2282 et
1610 2218 1916 2295 flammiS,
1960 2239 2125 2301 quas
2187 2220 2327 2301 ipse
2379 2222 2666 2303 pertulit,
2710 2225 3008 2286 omnium

592 2307 1124 2372 Christianorum
1158 2308 1360 2369 corda
1383 2304 1701 2369 calefecit.
1792 2305 1962 2387 Quis
1992 2307 2169 2368 enim
2195 2306 2319 2369 hoc
2351 2309 2669 2392 exemplo
2694 2309 2862 2373 nolit
2893 2331 3012 2393 pro

596 2395 861 2459 Christo
892 2397 1122 2457 ardere
1154 2414 1304 2456 cum
1342 2392 1706 2456 Laurentio
1745 2402 1817 2454 vt
1864 2394 2071 2475 possit
2120 2413 2160 2455 a
2204 2391 2440 2469 cristo†
2486 2416 2636 2458 cum
2685 2396 3013 2461 laurentio

591 2482 946 2545 coronari?
1035 2480 1203 2562 Quis
1251 2479 1417 2543 nolit
1470 2480 1553 2542 ad
1602 2479 1834 2542 horam
1883 2482 2205 2543 sustinere
2254 2480 2595 2563 Laurentij
2652 2484 2896 2566 ignem,
2941 2495 3014 2548 vt

591 2581 898 2634 eternum
947 2569 1248 2651 gehenne
1295 2588 1429 2630 non
1479 2568 1771 2650 patiatur
1817 2567 2245 2631 incendium?
2337 2569 2526 2632 Beati
2574 2570 2776 2652 igitur
2837 2572 3015 2636 Lau-

597 2657 787 2738 rentij
823 2657 1139 2740 exemplo
1186 2675 1626 2739 prouocamur
1657 2656 1741 2717 ad
1776 2656 2189 2736 martyrium,
2219 2657 2642 2720 accendimur
2678 2659 2763 2722 ad
2812 2658 3012 2724 fidem

597 2745 664 2807 ni
696 2744 1085 2807 calescimus
1129 2743 1214 2805 ad
1248 2743 1693 2815 deuotionem,
1726 2751 1794 2804 et
1826 2742 1877 2803 si
1910 2742 2102 2805 nobis
2133 2745 2568 2825 persecutoris
2599 2744 2871 2810 flamma
2900 2748 3015 2810 de-

589 2841 732 2895 est:
779 2832 931 2895 fidei
965 2842 1190 2893 tamen
1238 2830 1510 2892 flamma
1557 2848 1690 2891 non
1740 2828 1940 2891 deest.
2036 2829 2190 2892 Non
2225 2831 2536 2893 ardemus
2566 2834 2836 2914 quidem
2871 2855 3016 2898 cor-

599 2939 757 3002 pore
803 2940 923 3001 pro
955 2914 1211 2990 Cristo†
1249 2916 1366 2979 sed
1412 2915 1723 2978 ardemus
1753 2915 2014 2979 affectu.
2106 2916 2260 2979 Non
2293 2917 2557 2999 subijcit
2604 2920 2763 2982 mihi
2797 2942 3017 3004 perse·

591 3016 787 3069 cutor
816 3006 1059 3087 ignem,
1091 3004 1207 3067 sed
1242 3004 1537 3087 suggerit
1569 3003 1730 3065 mihi
1764 3005 1986 3085 ignem
2020 3003 2419 3067 desiderium
2452 3005 2818 3072 saluatoris

1168 3148 1235 3217 (Ι
1263 3140 1397 3203 Die
1423 3141 1542 3205 .18.
1574 3141 1652 3203 de
1680 3150 1907 3203 octaua
1936 3140 2441 3222 assumptionis}

985 3254 1096 3337 jis.
1125 3253 1304 3317 lectio
1330 3273 1538 3316 sermo
1563 3252 1779 3314 sancti
1794 3250 1877 3314 H
1873 3252 2191 3331 ieronymi
2197 3253 2575 3334 presbyteri.

600 3366 951 3499 COgitis
990 3386 1096 3428 me
1130 3365 1193 3430 O
1245 3364 1450 3427 Paula
1480 3374 1548 3426 et
1597 3363 2075 3426 Eustochium:
2124 3365 2259 3427 imo
2289 3365 2576 3428 charitas
2625 3366 2870 3432 Christi
2903 3390 3017 3433 me

757 3453 1115 3537 compellit,
1141 3454 1254 3535 qui
1280 3452 1470 3535 vohis
1501 3450 1758 3514 dudum
1790 3451 2182 3514 tractatibus
2208 3451 2387 3534 loqui
2419 3473 2917 3533 consueueram,
2943 3468 3017 3521 vt

601 3562 779 3604 nouo
825 3539 1140 3622 loquendi
1186 3558 1426 3622 genere
1471 3539 1720 3600 sanctis
1769 3558 1899 3618 que
1942 3537 2285 3601 vobiscum
2334 3540 2589 3621 degunt
2632 3542 3021 3624 virginibuS,

600 3629 808 3692 latino
853 3637 1044 3690 vtens
1089 3626 1374 3707 eloquio,
1418 3624 1905 3688 exhortationis
1949 3626 2183 3706 gratia,
2219 3647 2594 3692 sermonem
2644 3628 2881 3693 faciam
2931 3634 3019 3695 de

597 3716 1056 3797 assumptione
1102 3714 1295 3775 beate
1340 3712 1442 3775 ac⁵
1474 3713 1762 3794 gloriose
1807 3732 2201 3794 semperque
2241 3715 2513 3798 virginis
2564 3716 2794 3794 Marie,
2827 3739 3015 3782 more

600 3823 825 3865 eorum
854 3802 966 3883 qui
992 3800 1464 3863 declamatorie
1488 3821 1551 3863 :n
1580 3799 1873 3880 ecclesijs
1906 3799 2121 3862 solent
2154 3799 2334 3882 loqui
2361 3803 2443 3863 ad
2478 3804 2800 3886 populum
2828 3808 3014 3886 quod

596 3891 824 3971 vtique
885 3908 1092 3971 genus
1153 3886 1456 3962 docendi,
1517 3888 1814 3949 nondum
1887 3887 2257 3968 attigeram.
2351 3887 2485 3952 Sed
2546 3893 2703 3971 quia
2764 3913 3016 3974 negare

595 3996 877 4059 nequeo,
907 3975 1219 4056 quicquid
1262 3974 1618 4057 iniungitiS,
1654 3975 1859 4036 nimia
1889 3982 2110 4037 vestra
2140 3977 2354 4037 victus
2400 3975 2774 4055 dilectione,
2804 4001 3016 4063 expe-

596 4066 725 4128 riar
772 4083 902 4145 que
956 4062 1313 4124 hortamini
1360 4060 1602 4123 affectu
1667 4061 2037 4138 infantium,
2085 4082 2268 4125 more
2314 4062 2849 4144 balbutientium,
2893 4069 3013 4150 qui

591 4170 988 4234 quecunque
1011 4149 1338 4212 audierint
1369 4149 1486 4211 sari
1512 4150 1826 4232 gestiunt,
1847 4168 1998 4211 cum
2026 4149 2307 4212 necdum
2336 4152 2594 4233 possint
2625 4152 2712 4215 ad
2737 4155 3015 4237 plenum

592 4239 797 4302 verba
842 4238 1141 4300 formare.
1237 4236 1541 4299 Maxime
1586 4237 1743 4317 quia
1789 4246 2061 4319 propter
2105 4237 2535 4319 simpliciores
2582 4241 2912 4324 quasque⁶
2947 4244 3015 4306 id

691 4372 710 4405 ¹
744 4372 1170 4438 magnitudinem:
1207 4385 1285 4435 39.
1315 4381 1408 4422 etc.
1794 4368 1903 4408 ²—2
1934 4373 2323 4437 assumptionis:
2360 4386 2436 4436 39.
2466 4388 2546 4435 41.

691 4439 713 4469 ⁸
745 4440 826 4489 die
855 4450 927 4500 17.
958 4441 1016 4487 in
1040 4455 1104 4487 m.
1176 4453 1269 4488 om.
1300 4436 1379 4501 38.
1888 4435 1910 4467 ⁴
1942 4436 2023 4486 die
2051 4439 2124 4487 18.
2155 4440 2213 4486 in
2237 4455 2302 4487 m.
2374 4456 2467 4509 om,
2498 4440 2575 4503 38.

692 4503 714 4534 ⁸
746 4513 830 4554 et:
867 4517 944 4567 39.
974 4513 1067 4554 etc.
1899 4497 1923 4531 ⁸
1952 4517 2210 4567 quosque:
2246 4515 2324 4567 43.
2355 4504 2432 4554 61.
2463 4504 2542 4566 64.
