3293 5225
507 438 599 488 128
1015 437 1243 485 FERA—1
1303 435 1400 484 IV.
1464 435 2011 485 HEBDOMADAE
2064 437 2429 487 SANCTAE.

506 616 683 679 idola
714 624 986 698 propter
1010 613 1366 678 Christum.
1458 613 1715 678 Omnes
1735 612 2153 697 confugiunt¹
2186 615 2270 678 ad
2293 616 2617 679 auxilium
2640 616 2911 679 ecclesie

507 705 571 766 in
606 703 788 766 omni
823 722 1125 784 pressura
1158 701 1225 763 in
1259 701 1441 764 omni
1476 700 1900 764 tribulatione
1932 722 2067 764 sua
2161 703 2390 766 Creuit
2434 702 2594 765 illud
2628 723 2906 785 granum

505 790 797 873 synapiS,
829 789 1077 852 factum
1111 798 1215 851 est
1246 789 1459 850 maius
1492 808 1690 870 super
1719 790 1946 851 omnia
1976 787 2173 852 olera.
2177 787 2201 826 ²

1262 930 1328 999 (Ι
1359 925 1485 987 Ad
1503 924 1729 987 laudes
1757 925 2153 1006 Antiphona.

642 1040 1151 1102 Insurrexerunt
1197 1038 1263 1099 in
1313 1057 1419 1100 me
1465 1046 1671 1099 testes
1721 1037 1929 1119 iniqui
1983 1046 2051 1101 et
2107 1039 2385 1102 mentita
2440 1049 2542 1102 est
2596 1039 2910 1121 iniquitas

505 1126 647 1190 sibi.

1583 1247 1827 1312 Oratio,

511 1362 1045 1493 OMnipotens
1076 1360 1477 1442 sempiterne
1510 1361 1673 1421 deus
1720 1361 1808 1423 da
1840 1359 2030 1423 nobis
2063 1362 2156 1424 ita
2201 1361 2532 1424 dominice
2584 1362 2911 1445 passionis

685 1457 1098 1512 sacramenta
1132 1467 1461 1529 peragere,
1492 1455 1565 1508 vt
1612 1446 2097 1529 indulgentiam
2131 1449 2467 1530 percipere
2499 1469 2909 1512 mereamur:

508 1538 633 1600 Per
662 1535 967 1600 eundem.

1242 1676 1308 1745 (Ι
1340 1670 1464 1763 Ad
1485 1680 1777 1751 vesperas
1804 1670 2172 1752 antiphona

635 1786 1022 1867 Captabunt
1098 1785 1161 1846 in
1239 1784 1531 1846 animam
1610 1785 1784 1859 iusti,
1857 1793 1924 1846 et
1999 1785 2391 1867 sanguinem
2485 1757 2907 1850 innocentem

506 1874 1068 1937 condemnabunt.

955 2014 1021 2083 (Ι
1055 2007 1253 2070 Fert’a
1284 2006 1423 2088 ‚z'z'g'll
1454 2008 1552 2070 ad
1575 2007 1991 2070 matutinum.
2081 2007 2142 2069 A
2153 2008 2477 2089 ntiphona.

638 2123 913 2204 Proprio
944 2120 1079 2184 filio
1111 2140 1234 2182 suo
1266 2140 1398 2182 non
1448 2121 1744 2202 pepercit
1800 2120 2001 2196 DeuS‚
2033 2120 2149 2183 sed
2206 2142 2324 2203 pro
2366 2121 2557 2184 nobis
2603 2122 2912 2186 omnibus

503 2210 778 2275 tradidit
812 2209 1014 2272 illum.

1258 2349 1324 2418 (Ι
1357 2343 1468 2406 Ex
1493 2342 1704 2406 Isaia³
1735 2344 1910 2406 lectio
1932 2345 2169 2424 prima.

653 2459 777 2521 Vis
866 2457 1143 2520 credidit
1234 2455 1488 2518 auditui
1596 2462 1883 2519 nostro?
2111 2478 2231 2539 pro
2319 2459 2912 2540 transgressoribus

683 2546 958 2628 rogauit.

1099 2686 1165 2755 (Ι
1201 2680 1566 2743 Secundum
1596 2680 1891 2744 Lucam.⁴¹
1976 2680 2190 2744 Lectio
2220 2682 2305 2763 ,t‘JZ

516 2795 853 2925 ADhuc
907 2814 988 2856 eo
1041 2793 1373 2873 loquente,
1432 2812 1585 2854 ecce
1635 2792 1848 2870 turba,
1899 2803 1967 2855 et
2013 2795 2125 2874 qui
2181 2794 2544 2858 vocabatur
2599 2796 2799 2859 Iudas

684 2893 881 2945 antea
914 2881 1161 2943 inimici
1195 2889 1385 2943 erant
1416 2880 1813 2944 adinuicem.

858 3024 924 3093 (Ι
971 3017 1196 3079 Tertia
1225 3016 1415 3079 lectio.
1446 3037 1653 3078 sermo
1681 3017 1896 3079 sancti
1919 3016 1980 3078 A
1992 3017 2265 3099 mbrosij
2284 3017 2596 3101 Episcopi.

524 3132 922 3261 LEgimus
971 3130 1126 3211 quia
1178 3127 1481 3192 Christus
1538 3138 1812 3209 peccata
1863 3140 2089 3192 nostra
2142 3139 2382 3211 portat,
2434 3141 2502 3194 et
2555 3151 2674 3214 pro
2723 3131 2913 3195 nobis

668 3218 868 3281 dolet.
961 3215 1169 3279 Doles
1200 3236 1358 3296 ergo
1390 3214 1662 3277 domine
1693 3235 1825 3278 non
1861 3225 1993 3292 tua,
2023 3217 2141 3278 sed
2191 3226 2415 3280 nostra
2462 3218 2734 3281 vulnera
2780 3238 2913 3281 non

510 3316 695 3369 tuam
747 3315 1049 3379 mortem,
1081 3302 1198 3365 sed
1247 3312 1540 3364 nostram
1589 3301 2062 3379 infirmitatem,
2092 3312 2159 3365 et
2208 3324 2330 3367 nos
2383 3305 2917 3369 existimauimus

509 3403 576 3456 te
622 3413 766 3456 esse
813 3393 878 3454 in
913 3389 1250 3453 doloribus
1295 3409 1444 3452 cum
1492 3399 1563 3451 tu
1619 3410 1752 3451 non
1801 3410 1923 3471 pro
1969 3400 2053 3467 te,
2099 3389 2217 3452 sed
2268 3412 2387 3472 pro
2442 3391 2574 3454 me⁵
2619 3390 2918 3457 doleres}⁸

517 3479 900 3543 infirmatus
932 3479 1108 3539 enim
1140 3497 1210 3538 es
1241 3499 1253 3538 :
1300 3475 1413 3538 sed
1450 3484 1720 3557 propter
1751 3487 2025 3558 peccata
2057 3486 2298 3542 nostra.
2392 3478 2547 3542 Non
2595 3480 2750 3561 quia
2796 3479 2916 3543 tibi

512 3567 626 3630 illa
680 3565 1028 3629 infirmitas
1075 3572 1217 3626 erat
1264 3583 1352 3625 ex
1408 3572 1595 3644 patre
1649 3573 2012 3645 assumpta,
2060 3565 2179 3627 sed
2225 3585 2346 3646 pro
2401 3565 2532 3628 me⁵
2564 3576 2915 3648 suscepta:

512 3654 669 3736 quia
719 3651 879 3716 nihil
932 3650 1244 3733 proderat
1291 3658 1362 3712 vt
1421 3648 1707 3712 eruditio
1767 3652 1950 3731 pacis
2012 3649 2264 3714 nostre⁷
2307 3661 2483 3715 esset
2528 3653 2593 3715 in
2643 3662 2728 3730 te,
2789 3654 2912 3716 nisi

516 3741 724 3804 liuore
773 3749 890 3801 tuo
953 3739 1227 3801 vulnera
1289 3746 1515 3798 nostra
1576 3757 1862 3801 sanares.
1999 3737 2134 3802 Sed
2188 3739 2350 3820 quid
2405 3740 2643 3803 mirum
2692 3741 2746 3802 si
2793 3761 2914 3822 pro

511 3827 820 3891 omnibus
852 3825 1083 3900 doluit,
1114 3825 1227 3906 qui
1262 3843 1381 3904 pro
1410 3843 1543 3886 vno
1590 3823 1819 3887 fleuit?
1932 3824 2110 3905 Quid
2167 3827 2404 3889 mirum
2459 3828 2512 3889 si
2564 3828 2918 3890 moriturus

512 3935 633 3997 pro
682 3912 990 3977 omnibus
1043 3908 1312 3986 tedeat‚⁸
1360 3911 1473 3991 qui
1534 3911 1826 3973 lazarum
1889 3912 2391 3975 resuscitaturus
2445 3913 2917 3995 illachrymat?

516 4001 649 4066 Sed
706 4009 773 4064 et
835 4000 922 4062 ibi
986 3999 1092 4079 pie
1151 3998 1393 4060 sororis
1456 3996 1811 4079 lachrymis
1870 4009 2348 4077 commonetur,
2407 4002 2561 4081 quia
2623 4009 2915 4064 mentem

512 4088 877 4152 humanam
933 4084 1344 4167 tangebant:
1389 4093 1457 4146 et
1511 4084 1617 4147 hic
1684 4084 1822 4147 alto
1868 4085 2232 4169 appetitur⁹
2281 4085 2601 4163 affectu,¹⁰
2650 4097 2722 4150 vt
2765 4089 2920 4169 quia

515 4177 580 4238 in
614 4195 810 4239 carne
841 4194 961 4237 sua
1012 4180 1288 4254 peccata
1342 4181 1568 4234 nostra
1620 4172 1990 4253 perimebat
2047 4183 2326 4237 mortem
2381 4194 2649 4256 quoque
2693 4176 2914 4237 anime

610 4315 1001 4447 {azaz-„³2
990 4354 1153 4441 :0111
1190 4381 1357 4441 6-6]
1583 4312 2250 4443 mesiam?
2622 4384 2750 4447 ,66

608 4448 631 4480 ⁶
661 4450 889 4499 dolores.
925 4448 1003 4496 61.
1584 4443 1605 4475 ⁷
1637 4454 1838 4495 nostra.
1873 4446 1952 4495 61.
2400 4446 2656 4500 ⁸redeat:
2694 4462 2772 4512 43.
2802 4465 2882 4512 44.

609 4514 631 4545 ⁹
664 4524 928 4581 operatur·
963 4512 1042 4562 61.
1574 4507 1614 4539 ¹⁰
1649 4509 1861 4561 effectu:
1897 4511 1976 4561 61.
2006 4511 2084 4573 64.
