<?xml version="1.0" encoding="UTF-8"?>
<!DOCTYPE html PUBLIC "-//W3C//DTD XHTML 1.0 Transitional//EN"
    "http://www.w3.org/TR/xhtml1/DTD/xhtml1-transitional.dtd">
<html xmlns="http://www.w3.org/1999/xhtml" xml:lang="en" lang="en">
 <head>
  <title>
</title>
<meta http-equiv="Content-Type" content="text/html;charset=utf-8" />
  <meta name='ocr-system' content='tesseract 3.04.00' />
  <meta name='ocr-capabilities' content='ocr_page ocr_carea ocr_par ocr_line ocrx_word'/>
</head>
<body>
  <div class='ocr_page' id='page_1' title='image "./secondrecension00legggoog_0226.png"; bbox 0 0 3293 5225; ppageno 0'>
   <div class='ocr_carea' id='block_1_1' title="bbox 522 428 2455 492">
    <p class='ocr_par' dir='ltr' id='par_1_1' title="bbox 522 428 2455 492">
     <span class='ocr_line' id='line_1_1' title="bbox 522 428 2455 492; baseline 0.001 -16"><span class='ocrx_word' id='word_1_1' title='bbox 522 440 615 492; x_wconf 82' lang='lat'>152</span> <span class='ocrx_word' id='word_1_2' title='bbox 964 429 1194 478; x_wconf 78' lang='lat' dir='ltr'><em>l-&#39;ERIA</em></span> <span class='ocrx_word' id='word_1_3' title='bbox 1231 430 1309 478; x_wconf 86' lang='lat' dir='ltr'>ll.</span> <span class='ocrx_word' id='word_1_4' title='bbox 1350 428 1790 478; x_wconf 77' lang='lat' dir='ltr'><em>DOMJNJCAE</em></span> <span class='ocrx_word' id='word_1_5' title='bbox 1836 428 1888 477; x_wconf 87' lang='lat' dir='ltr'>V.</span> <span class='ocrx_word' id='word_1_6' title='bbox 1929 428 2124 477; x_wconf 72' lang='lat' dir='ltr'><em>POST</em></span> <span class='ocrx_word' id='word_1_7' title='bbox 2148 429 2455 478; x_wconf 74' lang='lat' dir='ltr'><em>PASCHA.</em></span> 
     </span>
    </p>
   </div>
   <div class='ocr_carea' id='block_1_2' title="bbox 740 629 2713 712">
    <p class='ocr_par' dir='ltr' id='par_1_2' title="bbox 740 629 2713 712">
     <span class='ocr_line' id='line_1_2' title="bbox 740 629 2713 712; baseline 0.001 -18"><span class='ocrx_word' id='word_1_8' title='bbox 740 637 807 707; x_wconf 67' lang='grc' dir='ltr'>(Ι</span> <span class='ocrx_word' id='word_1_9' title='bbox 852 631 967 694; x_wconf 75' lang='lat' dir='ltr'>Ex</span> <span class='ocrx_word' id='word_1_10' title='bbox 991 632 1252 712; x_wconf 80' lang='lat' dir='ltr'>epistola</span> <span class='ocrx_word' id='word_1_11' title='bbox 1269 632 1497 712; x_wconf 83' lang='lat' dir='ltr'>prima</span> <span class='ocrx_word' id='word_1_12' title='bbox 1527 630 1740 694; x_wconf 85' lang='lat' dir='ltr'><em>Pauli</em></span> <span class='ocrx_word' id='word_1_13' title='bbox 1764 632 1861 693; x_wconf 84' lang='lat' dir='ltr'>ad</span> <span class='ocrx_word' id='word_1_14' title='bbox 1889 629 1947 696; x_wconf 87' lang='lat' dir='ltr'><em>C</em></span> <span class='ocrx_word' id='word_1_15' title='bbox 1941 629 2295 696; x_wconf 82' lang='lat' dir='ltr'>orintlzios.1</span> <span class='ocrx_word' id='word_1_16' title='bbox 2386 630 2597 694; x_wconf 79' lang='lat' dir='ltr'><em>Lectio</em></span> <span class='ocrx_word' id='word_1_17' title='bbox 2628 632 2713 712; x_wconf 71' lang='lat' dir='ltr'>.ij.</span> 
     </span>
    </p>
   </div>
   <div class='ocr_carea' id='block_1_3' title="bbox 537 743 2933 914">
    <p class='ocr_par' dir='ltr' id='par_1_3' title="bbox 537 743 2933 914">
     <span class='ocr_line' id='line_1_3' title="bbox 537 743 2933 873; baseline 0 -67"><span class='ocrx_word' id='word_1_18' title='bbox 537 743 732 873; x_wconf 85' lang='lat' dir='ltr'>DE</span> <span class='ocrx_word' id='word_1_19' title='bbox 781 745 1147 826; x_wconf 86' lang='lat' dir='ltr'>virginibus</span> <span class='ocrx_word' id='word_1_20' title='bbox 1194 755 1418 807; x_wconf 91' lang='lat' dir='ltr'>autem</span> <span class='ocrx_word' id='word_1_21' title='bbox 1472 754 1857 826; x_wconf 85' lang='lat' dir='ltr'>preceptum</span> <span class='ocrx_word' id='word_1_22' title='bbox 1914 743 2166 806; x_wconf 91' lang='lat' dir='ltr'>domini</span> <span class='ocrx_word' id='word_1_23' title='bbox 2223 764 2354 806; x_wconf 89' lang='lat' dir='ltr'>non</span> <span class='ocrx_word' id='word_1_24' title='bbox 2406 744 2623 806; x_wconf 91' lang='lat' dir='ltr'>habeo</span> <span class='ocrx_word' id='word_1_25' title='bbox 2805 764 2933 826; x_wconf 91' lang='lat' dir='ltr'>ego</span> 
     </span>
     <span class='ocr_line' id='line_1_4' title="bbox 701 831 1478 914; baseline 0 -20"><span class='ocrx_word' id='word_1_26' title='bbox 701 832 1003 914; x_wconf 90' lang='lat' dir='ltr'>spiritum</span> <span class='ocrx_word' id='word_1_27' title='bbox 1038 831 1143 894; x_wconf 92' lang='lat' dir='ltr'>dei</span> <span class='ocrx_word' id='word_1_28' title='bbox 1176 831 1478 895; x_wconf 87' lang='lat' dir='ltr'>habeam.</span> 
     </span>
    </p>
   </div>
   <div class='ocr_carea' id='block_1_4' title="bbox 1074 993 2382 1070">
    <p class='ocr_par' dir='ltr' id='par_1_4' title="bbox 1074 993 2382 1070">
     <span class='ocr_line' id='line_1_5' title="bbox 1074 993 2382 1070; baseline 0.001 -14"><span class='ocrx_word' id='word_1_29' title='bbox 1074 1000 1141 1070; x_wconf 74' lang='lat'>{1</span> <span class='ocrx_word' id='word_1_30' title='bbox 1198 993 1420 1058; x_wconf 85' lang='lat' dir='ltr'>Tertia</span> <span class='ocrx_word' id='word_1_31' title='bbox 1450 993 1626 1057; x_wconf 86' lang='lat' dir='ltr'>lectio</span> <span class='ocrx_word' id='word_1_32' title='bbox 1654 995 1999 1056; x_wconf 80' lang='lat' dir='ltr'>secundum</span> <span class='ocrx_word' id='word_1_33' title='bbox 2031 993 2382 1058; x_wconf 52' lang='lat' dir='ltr'>loannem}</span> 
     </span>
    </p>
   </div>
   <div class='ocr_carea' id='block_1_5' title="bbox 531 1105 2939 1363">
    <p class='ocr_par' dir='ltr' id='par_1_5' title="bbox 531 1105 2939 1363">
     <span class='ocr_line' id='line_1_6' title="bbox 539 1105 2939 1236; baseline -0 -66"><span class='ocrx_word' id='word_1_34' title='bbox 539 1108 671 1236; x_wconf 84' lang='lat' dir='ltr'>IN</span> <span class='ocrx_word' id='word_1_35' title='bbox 709 1106 821 1208; x_wconf 38' lang='lat' dir='ltr'>ill-o</span> <span class='ocrx_word' id='word_1_36' title='bbox 853 1117 1168 1208; x_wconf 74' lang='lat' dir='ltr'>tempore,</span> <span class='ocrx_word' id='word_1_37' title='bbox 1203 1107 1405 1207; x_wconf 38' lang='lat' dir='ltr'>Digit·</span> <span class='ocrx_word' id='word_1_38' title='bbox 1435 1106 1619 1207; x_wconf 62' lang='lat' dir='ltr'>lesus</span> <span class='ocrx_word' id='word_1_39' title='bbox 1666 1105 2005 1206; x_wconf 81' lang='lat' dir='ltr'>discipulis</span> <span class='ocrx_word' id='word_1_40' title='bbox 2036 1107 2188 1206; x_wconf 69' lang='lat' dir='ltr'>suis.</span> <span class='ocrx_word' id='word_1_41' title='bbox 2280 1107 2503 1169; x_wconf 90' lang='lat' dir='ltr'>Amen</span> <span class='ocrx_word' id='word_1_42' title='bbox 2550 1127 2745 1208; x_wconf 85' lang='lat' dir='ltr'>amen</span> <span class='ocrx_word' id='word_1_43' title='bbox 2787 1107 2939 1207; x_wconf 82' lang='lat' dir='ltr'>dico</span> 
     </span>
     <span class='ocr_line' id='line_1_7' title="bbox 531 1193 2938 1363; baseline 0 -106"><span class='ocrx_word' id='word_1_44' title='bbox 531 1194 924 1363; x_wconf 41' lang='lat' dir='ltr'>Etis-{Effugi</span> <span class='ocrx_word' id='word_1_45' title='bbox 971 1193 1127 1276; x_wconf 80' lang='lat' dir='ltr'>quid</span> <span class='ocrx_word' id='word_1_46' title='bbox 1179 1205 1498 1276; x_wconf 75' lang='lat' dir='ltr'>petieritis</span> <span class='ocrx_word' id='word_1_47' title='bbox 1547 1203 1803 1275; x_wconf 89' lang='lat' dir='ltr'>patrem</span> <span class='ocrx_word' id='word_1_48' title='bbox 1854 1214 1917 1255; x_wconf 75' lang='lat' dir='ltr'>in</span> <span class='ocrx_word' id='word_1_49' title='bbox 1968 1213 2234 1256; x_wconf 86' lang='lat' dir='ltr'>nomme</span> <span class='ocrx_word' id='word_1_50' title='bbox 2281 1195 2686 1258; x_wconf 77' lang='lat' dir='ltr'>meozdabit</span> <span class='ocrx_word' id='word_1_51' title='bbox 2731 1195 2938 1258; x_wconf 80' lang='lat' dir='ltr'>vobis.</span> 
     </span>
    </p>
   </div>
   <div class='ocr_carea' id='block_1_6' title="bbox 1036 1417 2428 1500">
    <p class='ocr_par' dir='ltr' id='par_1_6' title="bbox 1036 1417 2428 1500">
     <span class='ocr_line' id='line_1_8' title="bbox 1036 1417 2428 1500; baseline 0.001 -20"><span class='ocrx_word' id='word_1_52' title='bbox 1036 1423 1103 1493; x_wconf 67' lang='grc' dir='ltr'>(Ι</span> <span class='ocrx_word' id='word_1_53' title='bbox 1150 1417 1233 1480; x_wconf 85' lang='lat' dir='ltr'><em>H</em></span> <span class='ocrx_word' id='word_1_54' title='bbox 1226 1417 1451 1481; x_wconf 85' lang='lat' dir='ltr'>omilia</span> <span class='ocrx_word' id='word_1_55' title='bbox 1480 1418 1697 1480; x_wconf 85' lang='lat' dir='ltr'>sancti</span> <span class='ocrx_word' id='word_1_56' title='bbox 1719 1419 1780 1480; x_wconf 79' lang='lat' dir='ltr'><em>A</em></span> <span class='ocrx_word' id='word_1_57' title='bbox 1793 1418 2095 1499; x_wconf 75' lang='lat' dir='ltr'><em>agustini</em></span> <span class='ocrx_word' id='word_1_58' title='bbox 2121 1418 2428 1500; x_wconf 77' lang='lat' dir='ltr'><em>Episcopi.</em></span> 
     </span>
    </p>
   </div>
   <div class='ocr_carea' id='block_1_7' title="bbox 533 1530 2944 3093">
    <p class='ocr_par' dir='ltr' id='par_1_7' title="bbox 682 1530 2941 1595">
     <span class='ocr_line' id='line_1_9' title="bbox 682 1530 2941 1595; baseline -0.001 -1"><span class='ocrx_word' id='word_1_59' title='bbox 682 1530 911 1595; x_wconf 90' lang='lat' dir='ltr'>Omini</span> <span class='ocrx_word' id='word_1_60' title='bbox 964 1530 1166 1593; x_wconf 86' lang='lat' dir='ltr'>verba</span> <span class='ocrx_word' id='word_1_61' title='bbox 1214 1550 1390 1592; x_wconf 88' lang='lat' dir='ltr'>nunc</span> <span class='ocrx_word' id='word_1_62' title='bbox 1430 1530 1556 1592; x_wconf 91' lang='lat' dir='ltr'>ista</span> <span class='ocrx_word' id='word_1_63' title='bbox 1610 1531 1962 1593; x_wconf 87' lang='lat' dir='ltr'>tractanda</span> <span class='ocrx_word' id='word_1_64' title='bbox 2011 1540 2181 1594; x_wconf 89' lang='lat' dir='ltr'>sunt.</span> <span class='ocrx_word' id='word_1_65' title='bbox 2272 1531 2497 1593; x_wconf 89' lang='lat' dir='ltr'>Amen</span> <span class='ocrx_word' id='word_1_66' title='bbox 2547 1550 2740 1593; x_wconf 90' lang='lat' dir='ltr'>amen</span> <span class='ocrx_word' id='word_1_67' title='bbox 2788 1530 2941 1593; x_wconf 88' lang='lat' dir='ltr'>dico</span> 
     </span>
    </p>

    <p class='ocr_par' dir='ltr' id='par_1_8' title="bbox 533 1616 2944 3093">
     <span class='ocr_line' id='line_1_10' title="bbox 710 1616 2940 1700; baseline 0 -20"><span class='ocrx_word' id='word_1_68' title='bbox 710 1618 899 1680; x_wconf 86' lang='lat' dir='ltr'>vobis</span> <span class='ocrx_word' id='word_1_69' title='bbox 927 1619 1019 1680; x_wconf 89' lang='lat' dir='ltr'>:si</span> <span class='ocrx_word' id='word_1_70' title='bbox 1051 1617 1211 1698; x_wconf 93' lang='lat' dir='ltr'>quid</span> <span class='ocrx_word' id='word_1_71' title='bbox 1246 1617 1561 1700; x_wconf 89' lang='lat' dir='ltr'>petieritis</span> <span class='ocrx_word' id='word_1_72' title='bbox 1599 1627 1854 1699; x_wconf 88' lang='lat' dir='ltr'>patrem</span> <span class='ocrx_word' id='word_1_73' title='bbox 1889 1616 1954 1678; x_wconf 90' lang='lat' dir='ltr'>in</span> <span class='ocrx_word' id='word_1_74' title='bbox 2005 1618 2274 1679; x_wconf 90' lang='lat' dir='ltr'>nomine</span> <span class='ocrx_word' id='word_1_75' title='bbox 2306 1637 2457 1680; x_wconf 87' lang='lat' dir='ltr'>meo</span> <span class='ocrx_word' id='word_1_76' title='bbox 2502 1617 2690 1680; x_wconf 94' lang='lat' dir='ltr'>dabit</span> <span class='ocrx_word' id='word_1_77' title='bbox 2734 1617 2940 1681; x_wconf 85' lang='lat' dir='ltr'>vobis.</span> 
     </span>
     <span class='ocr_line' id='line_1_11' title="bbox 535 1703 2942 1788; baseline 0 -21"><span class='ocrx_word' id='word_1_78' title='bbox 535 1705 679 1767; x_wconf 93' lang='lat' dir='ltr'>Iam</span> <span class='ocrx_word' id='word_1_79' title='bbox 712 1705 961 1768; x_wconf 91' lang='lat' dir='ltr'>dictum</span> <span class='ocrx_word' id='word_1_80' title='bbox 996 1718 1098 1768; x_wconf 92' lang='lat' dir='ltr'>est</span> <span class='ocrx_word' id='word_1_81' title='bbox 1131 1706 1197 1766; x_wconf 91' lang='lat' dir='ltr'>in</span> <span class='ocrx_word' id='word_1_82' title='bbox 1230 1705 1674 1787; x_wconf 89' lang='lat' dir='ltr'>superioribus</span> <span class='ocrx_word' id='word_1_83' title='bbox 1704 1703 1899 1766; x_wconf 89' lang='lat' dir='ltr'>huius</span> <span class='ocrx_word' id='word_1_84' title='bbox 1928 1704 2244 1767; x_wconf 88' lang='lat' dir='ltr'>dominici</span> <span class='ocrx_word' id='word_1_85' title='bbox 2277 1705 2599 1767; x_wconf 88' lang='lat' dir='ltr'>sermonis</span> <span class='ocrx_word' id='word_1_86' title='bbox 2646 1705 2942 1788; x_wconf 87' lang='lat' dir='ltr'>partibus</span> 
     </span>
     <span class='ocr_line' id='line_1_12' title="bbox 533 1789 2941 1874; baseline 0 -20"><span class='ocrx_word' id='word_1_87' title='bbox 533 1803 803 1874; x_wconf 86' lang='lat' dir='ltr'>propter</span> <span class='ocrx_word' id='word_1_88' title='bbox 845 1813 960 1854; x_wconf 93' lang='lat' dir='ltr'>eos</span> <span class='ocrx_word' id='word_1_89' title='bbox 1005 1792 1117 1872; x_wconf 92' lang='lat' dir='ltr'>qui</span> <span class='ocrx_word' id='word_1_90' title='bbox 1151 1789 1470 1854; x_wconf 87' lang='lat' dir='ltr'>nonnulla</span> <span class='ocrx_word' id='word_1_91' title='bbox 1517 1800 1754 1872; x_wconf 89' lang='lat' dir='ltr'>petunt</span> <span class='ocrx_word' id='word_1_92' title='bbox 1787 1811 1826 1853; x_wconf 95' lang='lat' dir='ltr'>a</span> <span class='ocrx_word' id='word_1_93' title='bbox 1873 1800 2061 1873; x_wconf 88' lang='lat' dir='ltr'>patre</span> <span class='ocrx_word' id='word_1_94' title='bbox 2092 1791 2156 1853; x_wconf 91' lang='lat' dir='ltr'>in</span> <span class='ocrx_word' id='word_1_95' title='bbox 2207 1791 2450 1855; x_wconf 85' lang='lat' dir='ltr'>Christi</span> <span class='ocrx_word' id='word_1_96' title='bbox 2500 1793 2771 1854; x_wconf 90' lang='lat' dir='ltr'>nomine</span> <span class='ocrx_word' id='word_1_97' title='bbox 2819 1812 2941 1854; x_wconf 87' lang='lat' dir='ltr'>nec</span> 
     </span>
     <span class='ocr_line' id='line_1_13' title="bbox 533 1878 2944 1961; baseline -0 -20"><span class='ocrx_word' id='word_1_98' title='bbox 533 1880 883 1961; x_wconf 87' lang='lat' dir='ltr'>accipiunt.</span> <span class='ocrx_word' id='word_1_99' title='bbox 978 1879 1129 1941; x_wconf 91' lang='lat' dir='ltr'>Non</span> <span class='ocrx_word' id='word_1_100' title='bbox 1202 1878 1449 1960; x_wconf 92' lang='lat' dir='ltr'>petitur</span> <span class='ocrx_word' id='word_1_101' title='bbox 1510 1879 1574 1940; x_wconf 88' lang='lat' dir='ltr'>in</span> <span class='ocrx_word' id='word_1_102' title='bbox 1626 1878 1895 1940; x_wconf 87' lang='lat' dir='ltr'>nomine</span> <span class='ocrx_word' id='word_1_103' title='bbox 1940 1878 2289 1941; x_wconf 90' lang='lat' dir='ltr'>saluatoris</span> <span class='ocrx_word' id='word_1_104' title='bbox 2334 1878 2648 1960; x_wconf 89' lang='lat' dir='ltr'>quicquid</span> <span class='ocrx_word' id='word_1_105' title='bbox 2697 1879 2944 1961; x_wconf 89' lang='lat' dir='ltr'>petitur</span> 
     </span>
     <span class='ocr_line' id='line_1_14' title="bbox 533 1964 2939 2046; baseline -0.001 -18"><span class='ocrx_word' id='word_1_106' title='bbox 533 1976 764 2028; x_wconf 89' lang='lat' dir='ltr'>contra</span> <span class='ocrx_word' id='word_1_107' title='bbox 817 1967 1140 2030; x_wconf 88' lang='lat' dir='ltr'>rationem</span> <span class='ocrx_word' id='word_1_108' title='bbox 1192 1964 1439 2028; x_wconf 89' lang='lat' dir='ltr'>salutis.</span> <span class='ocrx_word' id='word_1_109' title='bbox 1533 1965 1686 2027; x_wconf 90' lang='lat' dir='ltr'>Non</span> <span class='ocrx_word' id='word_1_110' title='bbox 1720 1965 1897 2027; x_wconf 88' lang='lat' dir='ltr'>enim</span> <span class='ocrx_word' id='word_1_111' title='bbox 1954 1985 2190 2028; x_wconf 88' lang='lat' dir='ltr'>sonum</span> <span class='ocrx_word' id='word_1_112' title='bbox 2248 1965 2583 2028; x_wconf 92' lang='lat' dir='ltr'>literarum</span> <span class='ocrx_word' id='word_1_113' title='bbox 2617 1985 2693 2028; x_wconf 90' lang='lat' dir='ltr'>ac</span> <span class='ocrx_word' id='word_1_114' title='bbox 2740 1965 2939 2046; x_wconf 87' lang='lat' dir='ltr'>sylla-</span> 
     </span>
     <span class='ocr_line' id='line_1_15' title="bbox 535 2051 2938 2134; baseline -0 -19"><span class='ocrx_word' id='word_1_115' title='bbox 535 2053 787 2128; x_wconf 88' lang='lat' dir='ltr'>barum,</span> <span class='ocrx_word' id='word_1_116' title='bbox 819 2055 934 2115; x_wconf 92' lang='lat' dir='ltr'>sed</span> <span class='ocrx_word' id='word_1_117' title='bbox 968 2052 1149 2133; x_wconf 93' lang='lat' dir='ltr'>quod</span> <span class='ocrx_word' id='word_1_118' title='bbox 1180 2072 1383 2114; x_wconf 89' lang='lat' dir='ltr'>sonus</span> <span class='ocrx_word' id='word_1_119' title='bbox 1415 2053 1555 2134; x_wconf 89' lang='lat' dir='ltr'>ipse</span> <span class='ocrx_word' id='word_1_120' title='bbox 1586 2051 1916 2133; x_wconf 87' lang='lat' dir='ltr'>significat</span> <span class='ocrx_word' id='word_1_121' title='bbox 1945 2062 2047 2116; x_wconf 90' lang='lat' dir='ltr'>:et</span> <span class='ocrx_word' id='word_1_122' title='bbox 2101 2052 2280 2133; x_wconf 92' lang='lat' dir='ltr'>quod</span> <span class='ocrx_word' id='word_1_123' title='bbox 2327 2073 2409 2115; x_wconf 93' lang='lat' dir='ltr'>eo</span> <span class='ocrx_word' id='word_1_124' title='bbox 2453 2072 2621 2115; x_wconf 90' lang='lat' dir='ltr'>sono</span> <span class='ocrx_word' id='word_1_125' title='bbox 2666 2062 2841 2115; x_wconf 90' lang='lat' dir='ltr'>recte</span> <span class='ocrx_word' id='word_1_126' title='bbox 2872 2064 2938 2114; x_wconf 93' lang='lat' dir='ltr'>et</span> 
     </span>
     <span class='ocr_line' id='line_1_16' title="bbox 533 2137 2941 2221; baseline -0 -19"><span class='ocrx_word' id='word_1_127' title='bbox 533 2140 851 2202; x_wconf 86' lang='lat' dir='ltr'>veraciter</span> <span class='ocrx_word' id='word_1_128' title='bbox 898 2138 1287 2220; x_wconf 87' lang='lat' dir='ltr'>intelligitur</span> <span class='ocrx_word' id='word_1_129' title='bbox 1332 2139 1459 2201; x_wconf 91' lang='lat' dir='ltr'>hoc</span> <span class='ocrx_word' id='word_1_130' title='bbox 1512 2137 1962 2221; x_wconf 78' lang='lat' dir='ltr'>accipiendus³</span> <span class='ocrx_word' id='word_1_131' title='bbox 2014 2150 2114 2202; x_wconf 90' lang='lat' dir='ltr'>est</span> <span class='ocrx_word' id='word_1_132' title='bbox 2165 2139 2400 2215; x_wconf 87' lang='lat' dir='ltr'>dicere,</span> <span class='ocrx_word' id='word_1_133' title='bbox 2451 2159 2602 2202; x_wconf 92' lang='lat' dir='ltr'>cum</span> <span class='ocrx_word' id='word_1_134' title='bbox 2654 2139 2941 2203; x_wconf 76' lang='lat' dir='ltr'>dicitzin</span> 
     </span>
     <span class='ocr_line' id='line_1_17' title="bbox 534 2225 2939 2307; baseline -0.001 -17"><span class='ocrx_word' id='word_1_135' title='bbox 534 2227 805 2290; x_wconf 92' lang='lat' dir='ltr'>nomine</span> <span class='ocrx_word' id='word_1_136' title='bbox 836 2246 1002 2291; x_wconf 81' lang='lat' dir='ltr'>meo,</span> <span class='ocrx_word' id='word_1_137' title='bbox 1093 2225 1291 2288; x_wconf 88' lang='lat' dir='ltr'>Vnde</span> <span class='ocrx_word' id='word_1_138' title='bbox 1324 2226 1436 2306; x_wconf 93' lang='lat' dir='ltr'>qui</span> <span class='ocrx_word' id='word_1_139' title='bbox 1484 2225 1609 2287; x_wconf 92' lang='lat' dir='ltr'>hoc</span> <span class='ocrx_word' id='word_1_140' title='bbox 1655 2227 1856 2289; x_wconf 88' lang='lat' dir='ltr'>sentit</span> <span class='ocrx_word' id='word_1_141' title='bbox 1888 2225 1973 2288; x_wconf 92' lang='lat' dir='ltr'>de</span> <span class='ocrx_word' id='word_1_142' title='bbox 2020 2225 2286 2289; x_wconf 91' lang='lat' dir='ltr'>Christo</span> <span class='ocrx_word' id='word_1_143' title='bbox 2316 2226 2495 2307; x_wconf 93' lang='lat' dir='ltr'>quod</span> <span class='ocrx_word' id='word_1_144' title='bbox 2529 2247 2660 2289; x_wconf 90' lang='lat' dir='ltr'>non</span> <span class='ocrx_word' id='word_1_145' title='bbox 2709 2235 2810 2288; x_wconf 93' lang='lat' dir='ltr'>est</span> <span class='ocrx_word' id='word_1_146' title='bbox 2857 2225 2939 2289; x_wconf 88' lang='lat' dir='ltr'>de</span> 
     </span>
     <span class='ocr_line' id='line_1_18' title="bbox 534 2312 2940 2394; baseline 0 -19"><span class='ocrx_word' id='word_1_147' title='bbox 534 2314 728 2376; x_wconf 90' lang='lat' dir='ltr'>vnico</span> <span class='ocrx_word' id='word_1_148' title='bbox 790 2313 895 2376; x_wconf 92' lang='lat' dir='ltr'>dei</span> <span class='ocrx_word' id='word_1_149' title='bbox 950 2313 1086 2375; x_wconf 88' lang='lat' dir='ltr'>filio</span> <span class='ocrx_word' id='word_1_150' title='bbox 1139 2312 1578 2388; x_wconf 88' lang='lat' dir='ltr'>sentiendum,</span> <span class='ocrx_word' id='word_1_151' title='bbox 1613 2333 1744 2374; x_wconf 90' lang='lat' dir='ltr'>non</span> <span class='ocrx_word' id='word_1_152' title='bbox 1804 2314 1971 2394; x_wconf 89' lang='lat' dir='ltr'>petit</span> <span class='ocrx_word' id='word_1_153' title='bbox 2025 2315 2088 2375; x_wconf 92' lang='lat' dir='ltr'>in</span> <span class='ocrx_word' id='word_1_154' title='bbox 2141 2314 2281 2376; x_wconf 91' lang='lat' dir='ltr'>eius</span> <span class='ocrx_word' id='word_1_155' title='bbox 2331 2313 2602 2376; x_wconf 88' lang='lat' dir='ltr'>nomine</span> <span class='ocrx_word' id='word_1_156' title='bbox 2650 2314 2850 2376; x_wconf 90' lang='lat' dir='ltr'>etiam</span> <span class='ocrx_word' id='word_1_157' title='bbox 2887 2314 2940 2375; x_wconf 89' lang='lat' dir='ltr'>si</span> 
     </span>
     <span class='ocr_line' id='line_1_19' title="bbox 535 2399 2943 2480; baseline -0 -17"><span class='ocrx_word' id='word_1_158' title='bbox 535 2421 666 2463; x_wconf 87' lang='lat' dir='ltr'>non</span> <span class='ocrx_word' id='word_1_159' title='bbox 702 2409 920 2464; x_wconf 89' lang='lat' dir='ltr'>taceat</span> <span class='ocrx_word' id='word_1_160' title='bbox 952 2400 1154 2464; x_wconf 89' lang='lat' dir='ltr'>literis</span> <span class='ocrx_word' id='word_1_161' title='bbox 1185 2420 1261 2462; x_wconf 90' lang='lat' dir='ltr'>ac</span> <span class='ocrx_word' id='word_1_162' title='bbox 1293 2399 1567 2480; x_wconf 86' lang='lat' dir='ltr'>syllabis</span> <span class='ocrx_word' id='word_1_163' title='bbox 1614 2399 1953 2463; x_wconf 87' lang='lat' dir='ltr'>Christum</span> <span class='ocrx_word' id='word_1_164' title='bbox 1984 2400 2363 2480; x_wconf 91' lang='lat' dir='ltr'>:quomodo</span> <span class='ocrx_word' id='word_1_165' title='bbox 2396 2400 2460 2462; x_wconf 93' lang='lat' dir='ltr'>in</span> <span class='ocrx_word' id='word_1_166' title='bbox 2505 2402 2772 2463; x_wconf 90' lang='lat' dir='ltr'>nomine</span> <span class='ocrx_word' id='word_1_167' title='bbox 2803 2401 2943 2463; x_wconf 92' lang='lat' dir='ltr'>eius</span> 
     </span>
     <span class='ocr_line' id='line_1_20' title="bbox 538 2484 2941 2570; baseline -0.001 -20"><span class='ocrx_word' id='word_1_168' title='bbox 538 2487 721 2570; x_wconf 88' lang='lat' dir='ltr'>petit,</span> <span class='ocrx_word' id='word_1_169' title='bbox 765 2507 964 2568; x_wconf 90' lang='lat' dir='ltr'>quem</span> <span class='ocrx_word' id='word_1_170' title='bbox 1014 2507 1144 2549; x_wconf 89' lang='lat' dir='ltr'>non</span> <span class='ocrx_word' id='word_1_171' title='bbox 1194 2488 1447 2568; x_wconf 87' lang='lat' dir='ltr'>cogitat</span> <span class='ocrx_word' id='word_1_172' title='bbox 1477 2507 1629 2549; x_wconf 84' lang='lat' dir='ltr'>cum</span> <span class='ocrx_word' id='word_1_173' title='bbox 1679 2489 1862 2569; x_wconf 91' lang='lat' dir='ltr'>petit.</span> <span class='ocrx_word' id='word_1_174' title='bbox 1956 2484 2089 2568; x_wconf 82' lang='lat' dir='ltr'>Qui</span> <span class='ocrx_word' id='word_1_175' title='bbox 2135 2508 2292 2550; x_wconf 86' lang='lat' dir='ltr'>vero</span> <span class='ocrx_word' id='word_1_176' title='bbox 2337 2486 2518 2569; x_wconf 92' lang='lat' dir='ltr'>quod</span> <span class='ocrx_word' id='word_1_177' title='bbox 2566 2497 2666 2551; x_wconf 93' lang='lat' dir='ltr'>est</span> <span class='ocrx_word' id='word_1_178' title='bbox 2712 2489 2797 2551; x_wconf 93' lang='lat' dir='ltr'>de</span> <span class='ocrx_word' id='word_1_179' title='bbox 2829 2487 2941 2549; x_wconf 91' lang='lat' dir='ltr'>illo</span> 
     </span>
     <span class='ocr_line' id='line_1_21' title="bbox 535 2573 2939 2658; baseline 0 -20"><span class='ocrx_word' id='word_1_180' title='bbox 535 2573 957 2638; x_wconf 86' lang='lat' dir='ltr'>sentiendum</span> <span class='ocrx_word' id='word_1_181' title='bbox 1020 2575 1420 2657; x_wconf 87' lang='lat' dir='ltr'>sentit:ipse</span> <span class='ocrx_word' id='word_1_182' title='bbox 1475 2575 1539 2637; x_wconf 90' lang='lat' dir='ltr'>in</span> <span class='ocrx_word' id='word_1_183' title='bbox 1590 2574 1864 2638; x_wconf 82' lang='lat' dir='ltr'>&#39;nomine</span> <span class='ocrx_word' id='word_1_184' title='bbox 1923 2575 2064 2638; x_wconf 83' lang='lat' dir='ltr'>eius</span> <span class='ocrx_word' id='word_1_185' title='bbox 2114 2576 2279 2658; x_wconf 90' lang='lat' dir='ltr'>petit</span> <span class='ocrx_word' id='word_1_186' title='bbox 2338 2584 2406 2638; x_wconf 92' lang='lat' dir='ltr'>et</span> <span class='ocrx_word' id='word_1_187' title='bbox 2459 2575 2701 2658; x_wconf 87' lang='lat' dir='ltr'>accipit</span> <span class='ocrx_word' id='word_1_188' title='bbox 2760 2574 2939 2657; x_wconf 91' lang='lat' dir='ltr'>quod</span> 
     </span>
     <span class='ocr_line' id='line_1_22' title="bbox 539 2662 2942 2745; baseline -0 -20"><span class='ocrx_word' id='word_1_189' title='bbox 539 2664 705 2744; x_wconf 91' lang='lat' dir='ltr'>petit</span> <span class='ocrx_word' id='word_1_190' title='bbox 752 2663 804 2724; x_wconf 89' lang='lat' dir='ltr'>si</span> <span class='ocrx_word' id='word_1_191' title='bbox 853 2683 985 2724; x_wconf 90' lang='lat' dir='ltr'>non</span> <span class='ocrx_word' id='word_1_192' title='bbox 1034 2674 1265 2724; x_wconf 88' lang='lat' dir='ltr'>contra</span> <span class='ocrx_word' id='word_1_193' title='bbox 1311 2662 1592 2725; x_wconf 90' lang='lat' dir='ltr'>salutem</span> <span class='ocrx_word' id='word_1_194' title='bbox 1639 2682 1828 2724; x_wconf 90' lang='lat' dir='ltr'>suam</span> <span class='ocrx_word' id='word_1_195' title='bbox 1878 2664 2348 2745; x_wconf 87' lang='lat' dir='ltr'>sempiternam</span> <span class='ocrx_word' id='word_1_196' title='bbox 2399 2663 2581 2745; x_wconf 89' lang='lat' dir='ltr'>petit.</span> <span class='ocrx_word' id='word_1_197' title='bbox 2674 2662 2942 2745; x_wconf 89' lang='lat' dir='ltr'>Accipit</span> 
     </span>
     <span class='ocr_line' id='line_1_23' title="bbox 538 2749 2942 2833; baseline 0 -21"><span class='ocrx_word' id='word_1_198' title='bbox 538 2760 762 2812; x_wconf 88' lang='lat' dir='ltr'>autem</span> <span class='ocrx_word' id='word_1_199' title='bbox 796 2749 1067 2830; x_wconf 88' lang='lat' dir='ltr'>quando</span> <span class='ocrx_word' id='word_1_200' title='bbox 1098 2749 1296 2812; x_wconf 90' lang='lat' dir='ltr'>debet</span> <span class='ocrx_word' id='word_1_201' title='bbox 1328 2750 1625 2831; x_wconf 87' lang='lat' dir='ltr'>accipere</span> <span class='ocrx_word' id='word_1_202' title='bbox 1657 2751 1945 2829; x_wconf 87' lang='lat' dir='ltr'>quedam</span> <span class='ocrx_word' id='word_1_203' title='bbox 1994 2760 2215 2813; x_wconf 92' lang='lat' dir='ltr'>autem</span> <span class='ocrx_word' id='word_1_204' title='bbox 2267 2770 2396 2812; x_wconf 89' lang='lat' dir='ltr'>non</span> <span class='ocrx_word' id='word_1_205' title='bbox 2448 2759 2794 2833; x_wconf 84' lang='lat' dir='ltr'>negantur,</span> <span class='ocrx_word' id='word_1_206' title='bbox 2826 2749 2942 2812; x_wconf 90' lang='lat' dir='ltr'>sed</span> 
     </span>
     <span class='ocr_line' id='line_1_24' title="bbox 538 2836 2943 2920; baseline -0 -21"><span class='ocrx_word' id='word_1_207' title='bbox 538 2846 608 2899; x_wconf 85' lang='lat' dir='ltr'>vt</span> <span class='ocrx_word' id='word_1_208' title='bbox 641 2856 935 2917; x_wconf 87' lang='lat' dir='ltr'>congruo</span> <span class='ocrx_word' id='word_1_209' title='bbox 966 2836 1207 2899; x_wconf 87' lang='lat' dir='ltr'>dentur</span> <span class='ocrx_word' id='word_1_210' title='bbox 1237 2845 1535 2917; x_wconf 91' lang='lat' dir='ltr'>tempore</span> <span class='ocrx_word' id='word_1_211' title='bbox 1583 2836 1991 2900; x_wconf 87' lang='lat' dir='ltr'>differuntur.</span> <span class='ocrx_word' id='word_1_212' title='bbox 2087 2837 2189 2899; x_wconf 91' lang='lat' dir='ltr'>Ita</span> <span class='ocrx_word' id='word_1_213' title='bbox 2236 2857 2396 2900; x_wconf 87' lang='lat' dir='ltr'>sane</span> <span class='ocrx_word' id='word_1_214' title='bbox 2436 2836 2943 2920; x_wconf 88' lang='lat' dir='ltr'>intelligendum</span> 
     </span>
     <span class='ocr_line' id='line_1_25' title="bbox 541 2923 2943 3004; baseline -0 -19"><span class='ocrx_word' id='word_1_215' title='bbox 541 2934 641 2986; x_wconf 87' lang='lat' dir='ltr'>est</span> <span class='ocrx_word' id='word_1_216' title='bbox 674 2925 851 3004; x_wconf 93' lang='lat' dir='ltr'>quod</span> <span class='ocrx_word' id='word_1_217' title='bbox 887 2924 996 2987; x_wconf 91' lang='lat' dir='ltr'>ait.</span> <span class='ocrx_word' id='word_1_218' title='bbox 1091 2923 1298 2986; x_wconf 90' lang='lat' dir='ltr'>Dabit</span> <span class='ocrx_word' id='word_1_219' title='bbox 1329 2923 1519 2985; x_wconf 85' lang='lat' dir='ltr'>vobis</span> <span class='ocrx_word' id='word_1_220' title='bbox 1551 2933 1621 2986; x_wconf 91' lang='lat' dir='ltr'>vt</span> <span class='ocrx_word' id='word_1_221' title='bbox 1655 2944 1733 2985; x_wconf 93' lang='lat' dir='ltr'>ea</span> <span class='ocrx_word' id='word_1_222' title='bbox 1766 2923 2087 2986; x_wconf 88' lang='lat' dir='ltr'>beneficia</span> <span class='ocrx_word' id='word_1_223' title='bbox 2118 2923 2488 3004; x_wconf 85' lang='lat' dir='ltr'>significata</span> <span class='ocrx_word' id='word_1_224' title='bbox 2519 2925 2811 2987; x_wconf 91' lang='lat' dir='ltr'>sciantur</span> <span class='ocrx_word' id='word_1_225' title='bbox 2840 2923 2943 2985; x_wconf 87' lang='lat' dir='ltr'>his</span> 
     </span>
     <span class='ocr_line' id='line_1_26' title="bbox 540 3010 2336 3093; baseline 0.002 -20"><span class='ocrx_word' id='word_1_226' title='bbox 540 3011 794 3073; x_wconf 87' lang='lat' dir='ltr'>verbis:</span> <span class='ocrx_word' id='word_1_227' title='bbox 821 3030 951 3092; x_wconf 90' lang='lat' dir='ltr'>que</span> <span class='ocrx_word' id='word_1_228' title='bbox 982 3010 1066 3073; x_wconf 88' lang='lat' dir='ltr'>ad</span> <span class='ocrx_word' id='word_1_229' title='bbox 1099 3030 1215 3072; x_wconf 93' lang='lat' dir='ltr'>eos</span> <span class='ocrx_word' id='word_1_230' title='bbox 1246 3012 1359 3092; x_wconf 92' lang='lat' dir='ltr'>qui</span> <span class='ocrx_word' id='word_1_231' title='bbox 1394 3020 1629 3091; x_wconf 92' lang='lat' dir='ltr'>petunt</span> <span class='ocrx_word' id='word_1_232' title='bbox 1663 3012 1923 3093; x_wconf 88' lang='lat' dir='ltr'>proprie</span> <span class='ocrx_word' id='word_1_233' title='bbox 1957 3011 2336 3092; x_wconf 65' lang='lat' dir='ltr'>pertinent*</span> 
     </span>
    </p>
   </div>
   <div class='ocr_carea' id='block_1_8' title="bbox 1622 3172 1866 3237">
    <p class='ocr_par' dir='ltr' id='par_1_9' title="bbox 1622 3172 1866 3237">
     <span class='ocr_line' id='line_1_27' title="bbox 1622 3172 1866 3237; baseline 0.004 -1"><span class='ocrx_word' id='word_1_234' title='bbox 1622 3172 1866 3237; x_wconf 84' lang='lat' dir='ltr'>Oratio.</span> 
     </span>
    </p>
   </div>
   <div class='ocr_carea' id='block_1_9' title="bbox 542 3284 2946 3524">
    <p class='ocr_par' dir='ltr' id='par_1_10' title="bbox 542 3284 2946 3524">
     <span class='ocr_line' id='line_1_28' title="bbox 557 3284 2946 3415; baseline 0 -66"><span class='ocrx_word' id='word_1_235' title='bbox 557 3285 834 3415; x_wconf 85' lang='lat' dir='ltr'>DEus</span> <span class='ocrx_word' id='word_1_236' title='bbox 864 3307 903 3348; x_wconf 98' lang='lat' dir='ltr'>a</span> <span class='ocrx_word' id='word_1_237' title='bbox 936 3285 1114 3367; x_wconf 90' lang='lat' dir='ltr'>quod</span> <span class='ocrx_word' id='word_1_238' title='bbox 1149 3285 1411 3348; x_wconf 73' lang='lat' dir='ltr'>‘&#39;’cuncta</span> <span class='ocrx_word' id='word_1_239' title='bbox 1443 3284 1642 3385; x_wconf 81' lang='lat' dir='ltr'>bona⁵</span> <span class='ocrx_word' id='word_1_240' title='bbox 1665 3284 2048 3368; x_wconf 87' lang='lat' dir='ltr'>procedunt,</span> <span class='ocrx_word' id='word_1_241' title='bbox 2074 3285 2310 3367; x_wconf 88' lang='lat' dir='ltr'>largire</span> <span class='ocrx_word' id='word_1_242' title='bbox 2341 3287 2748 3369; x_wconf 92' lang='lat' dir='ltr'>supplicibus</span> <span class='ocrx_word' id='word_1_243' title='bbox 2774 3288 2902 3349; x_wconf 89' lang='lat' dir='ltr'>tuis</span> <span class='ocrx_word' id='word_1_244' title='bbox 2932 3312 2946 3350; x_wconf 91' lang='lat'>:</span> 
     </span>
     <span class='ocr_line' id='line_1_29' title="bbox 723 3374 2946 3457; baseline 0.001 -22"><span class='ocrx_word' id='word_1_245' title='bbox 723 3383 793 3435; x_wconf 89' lang='lat' dir='ltr'>vt</span> <span class='ocrx_word' id='word_1_246' title='bbox 823 3374 1194 3455; x_wconf 90' lang='lat' dir='ltr'>cogitemus</span> <span class='ocrx_word' id='word_1_247' title='bbox 1225 3381 1291 3434; x_wconf 91' lang='lat' dir='ltr'>te</span> <span class='ocrx_word' id='word_1_248' title='bbox 1316 3374 1694 3454; x_wconf 70' lang='lat' dir='ltr'>inspirante,</span> <span class='ocrx_word' id='word_1_249' title='bbox 1729 3392 1857 3453; x_wconf 88' lang='lat' dir='ltr'>que</span> <span class='ocrx_word' id='word_1_250' title='bbox 1891 3382 2069 3436; x_wconf 90' lang='lat' dir='ltr'>recta</span> <span class='ocrx_word' id='word_1_251' title='bbox 2111 3382 2283 3448; x_wconf 92' lang='lat' dir='ltr'>sunt,</span> <span class='ocrx_word' id='word_1_252' title='bbox 2317 3383 2384 3435; x_wconf 89' lang='lat' dir='ltr'>et</span> <span class='ocrx_word' id='word_1_253' title='bbox 2437 3384 2503 3437; x_wconf 95' lang='lat' dir='ltr'>te</span> <span class='ocrx_word' id='word_1_254' title='bbox 2534 3374 2946 3457; x_wconf 80' lang='lat' dir='ltr'>gubernante</span> 
     </span>
     <span class='ocr_line' id='line_1_30' title="bbox 542 3460 1764 3524; baseline 0 -1"><span class='ocrx_word' id='word_1_255' title='bbox 542 3460 776 3523; x_wconf 90' lang='lat' dir='ltr'>eadem</span> <span class='ocrx_word' id='word_1_256' title='bbox 813 3460 1146 3523; x_wconf 84' lang='lat' dir='ltr'>faciamus,</span> <span class='ocrx_word' id='word_1_257' title='bbox 1242 3460 1366 3522; x_wconf 87' lang='lat' dir='ltr'>Per</span> <span class='ocrx_word' id='word_1_258' title='bbox 1396 3460 1764 3524; x_wconf 88' lang='lat' dir='ltr'>dominum.</span> 
     </span>
    </p>
   </div>
   <div class='ocr_carea' id='block_1_10' title="bbox 1167 3621 2288 3703">
    <p class='ocr_par' dir='ltr' id='par_1_11' title="bbox 1167 3621 2288 3703">
     <span class='ocr_line' id='line_1_31' title="bbox 1167 3621 2288 3703; baseline 0.002 -19"><span class='ocrx_word' id='word_1_259' title='bbox 1167 3622 1365 3686; x_wconf 82' lang='lat' dir='ltr'>Feria</span> <span class='ocrx_word' id='word_1_260' title='bbox 1396 3623 1479 3703; x_wconf 80' lang='lat' dir='ltr'><em>.ij.</em></span> <span class='ocrx_word' id='word_1_261' title='bbox 1511 3643 1590 3684; x_wconf 77' lang='lat' dir='ltr'>ex</span> <span class='ocrx_word' id='word_1_262' title='bbox 1622 3621 1894 3686; x_wconf 81' lang='lat' dir='ltr'>Genesi.⁶</span> <span class='ocrx_word' id='word_1_263' title='bbox 1983 3622 2194 3686; x_wconf 84' lang='lat' dir='ltr'>Lectio</span> <span class='ocrx_word' id='word_1_264' title='bbox 2226 3623 2288 3686; x_wconf 90' lang='lat' dir='ltr'>.i.</span> 
     </span>
    </p>
   </div>
   <div class='ocr_carea' id='block_1_11' title="bbox 690 3733 2948 3904">
    <p class='ocr_par' dir='ltr' id='par_1_12' title="bbox 690 3733 2948 3904">
     <span class='ocr_line' id='line_1_32' title="bbox 690 3733 2948 3820; baseline 0.001 -23"><span class='ocrx_word' id='word_1_265' title='bbox 690 3735 822 3797; x_wconf 84' lang='lat' dir='ltr'>Rat</span> <span class='ocrx_word' id='word_1_266' title='bbox 877 3744 1101 3797; x_wconf 89' lang='lat' dir='ltr'>autem</span> <span class='ocrx_word' id='word_1_267' title='bbox 1158 3733 1379 3797; x_wconf 85' lang='lat' dir='ltr'>Ioseh⁷</span> <span class='ocrx_word' id='word_1_268' title='bbox 1434 3734 1707 3817; x_wconf 88' lang='lat' dir='ltr'>pulchra</span> <span class='ocrx_word' id='word_1_269' title='bbox 1763 3735 1946 3811; x_wconf 89' lang='lat' dir='ltr'>facie,</span> <span class='ocrx_word' id='word_1_270' title='bbox 2000 3746 2067 3799; x_wconf 90' lang='lat' dir='ltr'>et</span> <span class='ocrx_word' id='word_1_271' title='bbox 2124 3735 2400 3799; x_wconf 86' lang='lat' dir='ltr'>decorus</span> <span class='ocrx_word' id='word_1_272' title='bbox 2460 3748 2844 3820; x_wconf 88' lang='lat' dir='ltr'>aspectu</span> <span class='ocrx_word' id='word_1_273' title='bbox 2882 3747 2948 3799; x_wconf 90' lang='lat' dir='ltr'>et</span> 
     </span>
     <span class='ocr_line' id='line_1_33' title="bbox 714 3822 1720 3904; baseline 0.002 -20"><span class='ocrx_word' id='word_1_274' title='bbox 714 3822 939 3884; x_wconf 88' lang='lat' dir='ltr'>omnia</span> <span class='ocrx_word' id='word_1_275' title='bbox 971 3842 1173 3904; x_wconf 89' lang='lat' dir='ltr'>opera</span> <span class='ocrx_word' id='word_1_276' title='bbox 1204 3823 1344 3884; x_wconf 92' lang='lat' dir='ltr'>eius</span> <span class='ocrx_word' id='word_1_277' title='bbox 1376 3823 1720 3904; x_wconf 88' lang='lat' dir='ltr'>dirigebat.</span> 
     </span>
    </p>
   </div>
   <div class='ocr_carea' id='block_1_12' title="bbox 560 3984 2949 4227">
    <p class='ocr_par' dir='ltr' id='par_1_13' title="bbox 560 3984 2949 4227">
     <span class='ocr_line' id='line_1_34' title="bbox 746 3984 2776 4069; baseline 0.002 -22"><span class='ocrx_word' id='word_1_278' title='bbox 746 3990 813 4060; x_wconf 67' lang='grc' dir='ltr'>(Ι</span> <span class='ocrx_word' id='word_1_279' title='bbox 857 3984 961 4047; x_wconf 64' lang='lat' dir='ltr'>Ex</span> <span class='ocrx_word' id='word_1_280' title='bbox 995 3984 1289 4066; x_wconf 82' lang='lat' dir='ltr'>Epistola</span> <span class='ocrx_word' id='word_1_281' title='bbox 1306 3985 1534 4066; x_wconf 81' lang='lat' dir='ltr'>prima</span> <span class='ocrx_word' id='word_1_282' title='bbox 1567 3984 1800 4048; x_wconf 71' lang='grc' dir='ltr'>Ριηιίί8</span> <span class='ocrx_word' id='word_1_283' title='bbox 1829 3986 1926 4047; x_wconf 85' lang='lat' dir='ltr'>ad</span> <span class='ocrx_word' id='word_1_284' title='bbox 1954 3985 2362 4050; x_wconf 74' lang='lat' dir='ltr'>Corinthios.⁹</span> <span class='ocrx_word' id='word_1_285' title='bbox 2450 3987 2662 4051; x_wconf 85' lang='lat' dir='ltr'>Lectio</span> <span class='ocrx_word' id='word_1_286' title='bbox 2692 3988 2776 4069; x_wconf 72' lang='lat' dir='ltr'><em>.il&#39;.</em></span> 
     </span>
     <span class='ocr_line' id='line_1_35' title="bbox 560 4097 2949 4227; baseline 0.002 -67"><span class='ocrx_word' id='word_1_287' title='bbox 560 4097 755 4227; x_wconf 85' lang='lat' dir='ltr'>DE</span> <span class='ocrx_word' id='word_1_288' title='bbox 818 4098 898 4179; x_wconf 91' lang='lat' dir='ltr'>ijs</span> <span class='ocrx_word' id='word_1_289' title='bbox 952 4108 1174 4161; x_wconf 91' lang='lat' dir='ltr'>autem</span> <span class='ocrx_word' id='word_1_290' title='bbox 1226 4118 1355 4180; x_wconf 90' lang='lat' dir='ltr'>que</span> <span class='ocrx_word' id='word_1_291' title='bbox 1415 4098 1607 4162; x_wconf 87' lang='lat' dir='ltr'>idolis</span> <span class='ocrx_word' id='word_1_292' title='bbox 1662 4099 2199 4163; x_wconf 84' lang='lat' dir='ltr'>immolantur</span> <span class='ocrx_word' id='word_1_293' title='bbox 2252 4119 2334 4162; x_wconf 88' lang='lat' dir='ltr'>ne</span> <span class='ocrx_word' id='word_1_294' title='bbox 2395 4099 2662 4164; x_wconf 88' lang='lat' dir='ltr'>fratrem</span> <span class='ocrx_word' id='word_1_295' title='bbox 2727 4120 2949 4164; x_wconf 93' lang='lat' dir='ltr'>meum</span> 
     </span>
    </p>
   </div>
   <div class='ocr_carea' id='block_1_13' title="bbox 641 4185 2678 4494">
    <p class='ocr_par' dir='ltr' id='par_1_14' title="bbox 641 4185 2786 4494">
     <span class='ocr_line' id='line_1_36' title="bbox 723 4185 1183 4249; baseline 0.004 -2"><span class='ocrx_word' id='word_1_296' title='bbox 723 4185 1183 4249; x_wconf 88' lang='lat' dir='ltr'>scandalizem.</span> 
     </span>
     <span class='ocr_line' id='line_1_37' title="bbox 641 4361 2678 4494; baseline 0.001 -16"><span class='ocrx_word' id='word_1_297' title='bbox 641 4363 1119 4479; x_wconf 38' lang='grc' dir='ltr'>[κά</span> <span class='ocrx_word' id='word_1_298' title='bbox 1399 4361 1670 4477; x_wconf 56' lang='lat' dir='ltr'>fabgg-</span> <span class='ocrx_word' id='word_1_299' title='bbox 2238 4428 2678 4494; x_wconf 36' lang='grc' dir='ltr'>[κω]</span> 
     </span>
    </p>
   </div>
   <div class='ocr_carea' id='block_1_14' title="bbox 641 4492 2960 4561">
    <p class='ocr_par' dir='ltr' id='par_1_15' title="bbox 641 4492 2960 4561">
     <span class='ocr_line' id='line_1_38' title="bbox 641 4492 2960 4561; baseline 0.001 -17"><span class='ocrx_word' id='word_1_300' title='bbox 641 4492 661 4526; x_wconf 85' lang='lat'>⁷</span> <span class='ocrx_word' id='word_1_301' title='bbox 698 4496 912 4559; x_wconf 86' lang='lat' dir='ltr'>Ioseph:</span> <span class='ocrx_word' id='word_1_302' title='bbox 952 4492 1028 4557; x_wconf 89' lang='lat'>38.</span> <span class='ocrx_word' id='word_1_303' title='bbox 1058 4506 1151 4543; x_wconf 86' lang='lat' dir='ltr'>etc.</span> <span class='ocrx_word' id='word_1_304' title='bbox 1408 4493 1429 4523; x_wconf 76' lang='lat'><strong>⁸</strong></span> <span class='ocrx_word' id='word_1_305' title='bbox 1462 4496 1718 4557; x_wconf 72' lang='lat' dir='ltr'>Apostoli:</span> <span class='ocrx_word' id='word_1_306' title='bbox 1752 4497 1862 4544; x_wconf 85' lang='lat' dir='ltr'>add.</span> <span class='ocrx_word' id='word_1_307' title='bbox 1893 4495 1972 4543; x_wconf 89' lang='lat'>61.</span> <span class='ocrx_word' id='word_1_308' title='bbox 2238 4493 2259 4525; x_wconf 81' lang='lat'><strong>⁹</strong></span> <span class='ocrx_word' id='word_1_309' title='bbox 2291 4496 2380 4545; x_wconf 86' lang='lat' dir='ltr'>Ca.</span> <span class='ocrx_word' id='word_1_310' title='bbox 2411 4495 2441 4545; x_wconf 91' lang='lat'><em>8</em></span> <span class='ocrx_word' id='word_1_311' title='bbox 2466 4498 2522 4545; x_wconf 83' lang='lat' dir='ltr'>in</span> <span class='ocrx_word' id='word_1_312' title='bbox 2547 4513 2612 4546; x_wconf 87' lang='lat' dir='ltr'>m.</span> <span class='ocrx_word' id='word_1_313' title='bbox 2641 4496 2763 4558; x_wconf 83' lang='lat' dir='ltr'>[viii.</span> <span class='ocrx_word' id='word_1_314' title='bbox 2791 4497 2960 4561; x_wconf 87' lang='lat'>1-13.]</span> 
     </span>
    </p>
   </div>
  </div>
 </body>
</html>
