3293 5225
532 458 598 510 30
1206 442 1390 492 PSAL
1400 442 1734 491 TERIVM:
1789 440 1883 490 IN
1933 440 2177 490 SABBA
2191 441 2299 491 TO.

942 654 1009 724 (Ι
1054 647 1179 710 Ad
1197 642 1487 709 satam}
1577 642 1980 725 Anttjoltona.
2075 644 2349 707 Adiuua
2381 641 2549 706 nos,2

1509 755 1827 818 Psalmus
1855 757 2003 835 .75.8

546 871 874 1003 Notus
907 872 972 935 in
1004 871 1214 934 Iudea
1245 871 1410 934 deus
1557 868 1833 932 terribili
1865 868 2047 952 apud
2081 888 2270 951 reges
2301 876 2492 932 terre.

1448 1083 1515 1152 ([
1558 1075 1901 1138 ⁴Psalmus
1927 1126 1942 1139 .
1947 1077 2046 1155 78.

554 1192 832 1321 DEus
920 1199 1245 1254 venerunt
1319 1198 1554 1271 gentes
1632 1189 1697 1250 in
1776 1187 2221 1288 hereditatem
2295 1195 2502 1263 tuam,
2577 1185 2954 1267 polluerunt

718 1277 1047 1361 templum
1080 1285 1388 1340 sanctum
1421 1286 1611 1339 tuum
1763 1274 2312 1338 annuntiabimus
2343 1273 2611 1337 laudem
2642 1282 2850 1337 tuam.

1424 1436 1491 1506 (Ι
1535 1429 1878 1492 ⁵Psalmus
1904 1478 1919 1492 .
1933 1447 1956 1493 1
1970 1447 2006 1493 2
2015 1447 2070 1511 3.

552 1543 798 1673 lei
858 1544 1016 1626 quia
1077 1542 1389 1605 dominus
1442 1551 1585 1605 erat
1639 1543 1704 1604 in
1759 1541 1970 1619 nobis»,
2010 1542 2193 1605 dicat
2245 1560 2425 1604 nunc
2491 1539 2691 1602 Israel
2838 1537 2950 1620 qui

735 1630 889 1693 fecit
919 1629 1135 1694 celum
1167 1639 1236 1692 et
1266 1641 1526 1693 terram.

667 1718 729 1780 A
740 1717 1063 1799 ntipltona.
1156 1717 1426 1779 Adiuua
1457 1736 1580 1779 nos
1611 1715 1778 1779 deus
1807 1715 2115 1779 salutaris
2147 1717 2415 1779 noster.⁶

947 1877 1014 1947 (Ι
1059 1871 1184 1933 Ad
1206 1872 1486 1933 nonam.⁷
1574 1870 1974 1952 Antiphona.
2067 1870 2222 1933 Non
2256 1870 2562 1933 auerta5.⁸

1438 1987 1505 2057 (1
1552 1980 1868 2044 Psalmus
1896 1998 2059 2047 .101.

557 2094 939 2225 DOmine
970 2095 1218 2157 exaudi
1250 2094 1620 2156 orationem
1655 2113 1874 2157 meam
2024 2094 2091 2156 in
2123 2094 2418 2157 seculum
2449 2093 2780 2176 dirigetur.

1405 2323 1472 2392 {I
1516 2317 1858 2380 'Psalmus
1885 2317 2100 2397 .127.1⁰

674 2429 829 2492 Eati
876 2449 1111 2492 omnes
1158 2429 1273 2511 qui
1328 2428 1570 2492 timent
1624 2429 1992 2508 dominum,
2025 2431 2138 2512 qui
2182 2430 2531 2494 ambulant
2563 2429 2628 2491 in
2661 2425 2784 2509 vijs
2814 2426 2953 2488 eius

816 2536 1051 2599 pacem
1085 2535 1285 2597 super
1317 2516 1539 2580 Israel.

1411 2677 1478 2747 (Ι
1523 2669 1888 2733 ¹¹Psalmus
1913 2721 1927 2734 .
1944 2689 1965 2734 1
1981 2688 2078 2751 32.

558 2781 824 2912 ECce
878 2803 1082 2864 quam
1137 2782 1407 2859 bonum,
1448 2792 1517 2845 et
1564 2803 1769 2866 quam
1826 2784 2188 2846 iucundum
2245 2783 2545 2847 habitare
2595 2781 2826 2845 fratres
2888 2781 2953 2842 in

714 2890 919 2932 vnum
988 2919 1031 2934 ..
1068 2890 1277 2953 vsque
1309 2871 1374 2932 in
1408 2870 1723 2933 seculum.

541 3045 586 3106 d
677 2957 1070 3108 Angtjsslwrltgz.
1164 2957 1316 3020 Non
1378 2968 1642 3021 auertas
1690 2957 1926 3021 faciem
1973 2968 2160 3021 tuam
2208 2980 2249 3021 a
2297 2978 2404 3021 me
2450 2959 2513 3020 in
2563 2974 2958 3038 quacunque

593 3044 651 3106 ie
682 3045 766 3107 tri
815 3064 855 3107 u
886 3065 976 3108 or.

643 3194 668 3290 ¹2
699 3197 842 3245 Pater
865 3205 1070 3309 noster.6
1122 3197 1232 3309 A6ue
1255 3196 1424 3310 <gugada.
1500 3198 1637 3246 Deus
1660 3197 1712 3245 in
1734 3196 2051 3246 adiutorium.
2127 3198 2312 3247 Rector
2336 3206 2526 3263 potens.
2557 3211 2623 3259 9:
2656 3196 2769 3244 add.
2799 3194 2877 3258 63.

644 3273 1047 3385 Dendeffliottiga,
1072 3274 1123 3375 ἔτι
1144 3274 1454 3376 hibitatione
1474 3327 1527 3376 in
1560 3327 1764 3386 sanctis,
1795 3344 1855 3377 ae
1891 3328 2229 3378 confractione
2266 3344 2515 3378 armorum
2551 3326 2740 3376 diaboli
2776 3325 2830 3374 in
2854 3324 2956 3374 eis:

546 3392 1171 3521 necigogi⁷de6r1eprobomm
1196 3392 1392 3451 duritia,
1421 3402 1471 3441 et
1494 3392 1702 3442 terribili
1728 3393 1828 3442 Dei
1852 3393 2066 3443 iudicio:
2103 3395 2213 3442 aad.
2238 3394 2318 3443 61.
2348 3403 2442 3444 etc.

643 3522 663 3553 ⁴
701 3525 780 3572 De
835 3522 1143 3571 lamentabili
1209 3522 1557 3587 deprecatione
1624 3522 1847 3573 fidelium
1916 3533 2118 3588 propter
2184 3524 2511 3589 multiplicem
2568 3520 2958 3588 persecutionem

548 3590 789 3638 malorum
811 3605 823 3636 ε
861 3597 909 3637 et
934 3589 1217 3636 laetabunda
1238 3587 1506 3652 gratiarum
1530 3587 1729 3637 actione
1751 3605 1843 3654 pro
1866 3605 1956 3638 sua
1979 3589 2272 3665 liberatione
2295 3608 2307 3638 ε
2334 3598 2419 3653 pr.
2448 3590 2529 3638 61.
2556 3599 2651 3638 etc.

645 3653 666 3682 ⁶
701 3654 780 3702 De
834 3653 1127 3702 liberatione
1171 3669 1203 3700 a
1248 3653 1442 3716 magnis
1485 3653 1632 3702 huius
1677 3655 1830 3703 seculi
1874 3655 2107 3719 periculis
2151 3663 2200 3704 et
2244 3655 2494 3713 aerumnis,
2532 3670 2619 3719 per
2664 3652 2875 3718 gratiam
2910 3659 2959 3700 et

550 3719 788 3769 auxilium
812 3718 1004 3767 domini
1027 3718 1341 3768 miserentis:
1368 3727 1451 3780 pr.
1482 3718 1561 3767 61.
1590 3728 1685 3768 etc.

648 3781 670 3814 ⁶
708 3783 881 3833 oratio
895 3799 912 3831 .·
945 3784 1058 3831 aad.
1087 3783 1167 3846 63.

552 3847 667 3964 adi
694 3850 849 3962 gater
892 3857 1073 3898 noster.
1154 3850 1265 3898 Aue
1309 3847 1481 3897 maria.
1570 3850 1712 3898 Deus
1756 3849 1808 3898 in
1852 3850 2168 3900 adiutorium.
2257 3851 2442 3899 Rerum
2488 3851 2627 3899 Deus
2672 3858 2820 3899 tenax
2871 3860 2960 3896 10:

653 3951 665 3962 .
729 3927 773 3977 3.

648 3977 669 4009 ⁸
704 3978 880 4052 Qratio
923 3978 1109 4029 Christi
1154 3987 1325 4028 nostro
1368 3978 1581 4028 defectui
1625 3980 1994 4056 compatientis„
2043 3983 2121 4031 vel
2166 3997 2279 4030 vere
2325 3979 2615 4046 poenitentis
2659 3978 2854 4029 veniam
2899 3978 2963 4026 de

553 4055 788 4111 peccatis,
814 4054 862 4093 et
888 4044 1232 4093 liberationem
1255 4060 1285 4093 a
1307 4043 1517 4107 miserijs
1538 4044 1721 4095 deuote
1744 4046 2055 4110 implorantis
2077 4065 2090 4096 ε
2125 4048 2236 4095 add.
2265 4046 2345 4096 61.
2375 4055 2468 4097 etc.

650 4108 672 4139 ⁰
704 4111 785 4159 De
828 4109 1198 4159 enumeratione
1242 4109 1521 4185 aliquorum
1565 4110 1812 4160 bonorum
1855 4127 2081 4176 operum,
2128 4112 2278 4161 deum
2325 4112 2500 4161 timore
2545 4120 2684 4160 casto
2728 4119 2777 4159 et
2822 4107 2964 4158 filiali

551 4174 868 4292 t6imentium:
902 4186 951 4224 et
990 4174 1056 4224 de
1092 4174 1437 4224 benedictione
1471 4191 1663 4237 eorum,
1705 4186 1758 4225 vt
1794 4187 2158 4241 consequantur
2193 4178 2327 4226 bona
2370 4175 2509 4241 regni
2552 4177 2783 4225 maelorum
2810 4191 2828 4227 z
2878 4181 2962 4238 pr.

597 4254 636 4291 ι.
667 4250 760 4291 etc.

654 4304 692 4335 10
817 4323 829 4335 .

648 4369 685 4401 ¹¹
722 4304 1034 4421 ssze'vffitate
1079 4380 1128 4420 et
1171 4370 1604 4421 commendatione
1650 4371 1877 4422 fraternae
1910 4372 2182 4433 eharitatis,
2226 4372 2486 4423 ecclesiam
2532 4382 2582 4422 et
2627 4370 2963 4433 Christianam

557 4436 845 4531 reliffiionm
868 4435 1162 4513 aedificantis
1184 4445 1234 4486 et
1256 4436 1688 4501 compaginantisx
1713 4446 1799 4502 pr.
1828 4438 1908 4487 61.
1939 4447 2032 4488 etc.

735 4504 945 4552 Oratio:
978 4502 1091 4550 add.
1120 4500 1200 4565 63.

460 4784 889 5138 Χ
