3293 5225
1120 948 1186 1018 (I
1233 942 1736 1009 OFFICIUM¹

934 1105 1189 1168 BEATE
1235 1102 1601 1169 VIRGINIS²
1652 1106 1926 1170 MARIE.

346 1249 412 1319 (Ι
457 1244 840 1306 Notandum
871 1241 1047 1323 quod
1068 1241 1139 1303 in
1169 1241 1464 1304 omnibus
1500 1240 1786 1304 sabbatis
1815 1242 2010 1304 totius
2036 1242 2207 1305 anni
2213 1242 2311 1324 fit
2350 1240 2622 1325 officium

221 1329 296 1393 de
322 1330 504 1393 beata
539 1327 820 1412 virgyne³
849 1329 1032 1391 modo
1062 1328 1494 1409 infrascripto,
1512 1338 1927 1410 preterquam
1974 1329 2045 1392 in
2088 1328 2374 1392 sabbatis
2416 1328 2621 1411 quad-

224 1418 546 1499 ragesime,
575 1426 638 1479 et
664 1417 734 1479 in
763 1415 1048 1478 sabbatis
1075 1415 1541 1478 occurrentibus
1569 1416 1827 1497 quando
1839 1415 1937 1497 fit
1962 1415 2234 1498 officium
2279 1417 2358 1479 de
2398 1416 2624 1498 aliqua

221 1515 456 1582 octaua,
484 1514 550 1566 et
590 1504 660 1566 in
689 1502 973 1566 sabbatis
1017 1503 1088 1564 in
1139 1501 1373 1601 quibus
1423 1502 1728 1565 inciderit
1772 1502 2044 1585 aliquod
2070 1503 2324 1582 festum
2376 1503 2622 1603 duplex.

220 1590 562 1673 Excipitur
613 1590 809 1652 etiam
866 1589 1202 1652 sabbatum
1263 1589 1333 1651 in
1392 1610 1514 1671 quo
1575 1590 1879 1652 zfflnczdmt
1940 1590 2177 1673 vigilia
2249 1589 2625 1652 natiuitatis

220 1678 469 1740 domi'm
492 1688 613 1740 aut
640 1677 872 1759 vigilia
901 1675 1278 1758 Eptplzam‘e.

346 1771 412 1841 (Ι
457 1764 840 1827 Notandum
915 1773 1208 1845 preterea
1296 1763 1472 1844 quod
1534 1763 1721 1841 festa
1799 1762 2120 1846 simplicia
2194 1763 2264 1826 in
2339 1762 2624 1827 sabbatis

218 1853 621 1928 occurrentia,
650 1852 846 1914 etiam
876 1850 943 1912 si
982 1849 1330 1913 habuerint
1363 1850 1703 1931 propriam
1744 1850 2065 1913 lectionem
2113 1851 2520 1926 omittuntur,
2563 1859 2627 1912 et

199 1937 296 2020 fit
323 1948 576 2001 tantum
607 1937 1115 2002 commemoratio
1143 1937 1222 1998 de
1249 1937 1342 1999 eis
1371 1937 1440 1998 in
1453 1935 1600 2018 fine
1614 1938 1848 2018 prime,
1872 1947 1947 2000 vt
1972 1949 2171 2019 supra
2201 1938 2271 2000 in
2302 1937 2624 1999 dominica

199 2026 426 2107 prima
483 2026 803 2088 aduentus
858 2023 1236 2105 explicatum
1295 2032 1402 2086 est.
1520 2022 1618 2085 Et
1658 2024 1969 2087 similiter
2007 2024 2403 2088 omittuntur
2443 2024 2626 2086 tertie

214 2112 500 2175 lectiones
527 2120 914 2175 occurrentes
944 2111 1014 2173 in
1043 2109 1408 2172 calendario
1437 2131 1516 2172 ex
1541 2111 1834 2190 epistolis.

343 2206 412 2276 ΙΙ
460 2199 809 2263 Sciendum
841 2206 937 2260 est
960 2207 1176 2258 autem
1208 2197 1384 2278 quod
1407 2197 1477 2258 in
1507 2198 1790 2278 singulis
1830 2196 2010 2260 horis
2051 2198 2273 2261 omnia
2316 2197 2631 2260 dicuntur

215 2296 290 2349 vt
316 2287 386 2348 in
417 2287 573 2368 alijs
601 2285 823 2348 diebus
842 2293 1062 2366 preter
1086 2283 1525 2364 infrascripta.

858 2427 924 2497 (1
968 2419 1053 2484 In
1083 2421 1388 2497 aduentu,
1418 2420 1543 2483 Ad
1566 2421 1982 2486 matutinum.

343 2534 833 2598 Inuitatorium.
926 2531 1078 2595 Aue
1112 2533 1344 2609 Maria,
1375 2533 1589 2615 gratia
1623 2532 1838 2616 plena,
1870 2533 2181 2596 dominus
2211 2543 2449 2597 tecum.

1257 2669 1582 2750 Hymnus.

364 2785 537 2847 Vem
573 2794 760 2859 terra,
793 2781 1083 2865 ponthus
1113 2781 1340 2845 ethera
1374 2780 1638 2858 Colunt,
1658 2781 1939 2845 adorant
1972 2781 2315 2865 predicant
2346 2782 2620 2846 Trinam

393 2880 730 2955 regentem
766 2869 1143 2932 machinam
1177 2867 1554 2933 Claustrum
1590 2870 1795 2932 marie
1826 2869 2093 2934 baiulat.

348 2959 471 3023 Cui
527 2957 728 3034 luna,⁴
778 2957 894 3033 sol,
938 2966 1006 3019 et
1056 2957 1283 3018 omnia
1338 2955 1744 3019 Deseruiunt
1797 2976 1913 3039 per
1957 2966 2306 3038 tempora:
2354 2955 2626 3019 Perfusa

207 3046 334 3110 celi
367 3047 581 3129 gratia
613 3054 880 3127 gestant
908 3042 1127 3126 puelle
1156 3043 1422 3105 viscera.

346 3134 556 3196 Beata
633 3142 844 3195 mater
918 3150 1208 3206 munere,
1281 3128 1487 3193 Cuius
1561 3149 1884 3213 supernus
1958 3129 2217 3208 artifex,
2288 3129 2620 3194 Mundum

210 3220 468 3303 pugillo
499 3220 863 3293 continens,
893 3217 1166 3280 Ventris
1197 3217 1320 3279 sub
1352 3238 1503 3280 arca
1534 3216 1796 3280 clausus
1827 3226 1942 3280 est.

350 3307 556 3370 Beata
631 3306 752 3368 celi
829 3305 1089 3380 nuncio,
1167 3303 1481 3367 Fecunda
1555 3313 1787 3367 sancto
1862 3305 2113 3385 spiritu,
2190 3304 2623 3368 Desideratus

208 3393 527 3476 gentibus
561 3392 765 3457 Cuius
794 3412 913 3474 per
942 3390 1167 3453 aluum
1204 3390 1386 3454 fusus
1414 3400 1531 3454 est.

350 3481 563 3543 Maria
633 3488 843 3542 mater
887 3480 1115 3561 gratie,
1165 3477 1383 3540 Mater
1444 3478 1886 3541 misericordie
1948 3478 2054 3541 Tu
2116 3499 2240 3542 nos
2292 3479 2381 3541 ab
2431 3478 2623 3542 hoste

207 3577 489 3650 protege
522 3591 536 3629 ε
571 3567 658 3629 Et
690 3565 851 3628 hora
885 3567 1114 3628 mortis
1146 3566 1422 3646 suscipe.

345 3653 574 3719 Gloria
627 3653 745 3716 tibi
800 3652 1087 3728 domine,
1134 3651 1267 3734 Qui
1323 3661 1517 3714 natus
1570 3672 1640 3714 es
1694 3651 1778 3714 de
1822 3653 2094 3734 virgine,
2124 3672 2275 3716 cum
2323 3662 2511 3736 patre
2555 3662 2624 3716 et

205 3751 446 3804 sancto
477 3741 727 3823 spiritu,
761 3739 840 3802 In
873 3740 1276 3821 sempiterna
1306 3737 1542 3803 secula.
1633 3738 1876 3802 Arnen.

345 3826 742 3909 Antt‘pkona.
832 3826 1138 3908 Angelus
1177 3825 1430 3888 domini
1479 3827 1812 3889 nuntiauit
1870 3825 2081 3889 Marie
2131 3850 2145 3888 ε
2196 3835 2264 3889 et
2317 3828 2623 3908 concepit

205 3915 297 3978 de
331 3916 564 3997 spiritu
599 3921 845 3977 sanctO.
940 3912 1291 3976 Halleluia.

777 4055 846 4125 (I
888 4049 1014 4111 Ad
1035 4048 1295 4112 tertiam
1327 4047 1673 4110 lectionem⁵
1704 4048 2057 4113 benedictio.

347 4163 472 4226 Per
519 4162 840 4244 virginem
904 4168 1184 4224 matrem
1245 4159 1569 4223 concedat
1617 4160 1808 4223 nobis
1860 4161 2171 4225 dominus
2224 4161 2503 4225 salutem
2558 4172 2626 4225 et

202 4270 467 4332 pacem.
558 4246 652 4332 Ψ
684 4249 924 4312 Amen.

308 4384 327 4415 ¹
362 4386 692 4434 Sabbatinum
709 4400 726 4433 .·
759 4384 869 4434 add.
901 4396 979 4447 39.
1007 4396 1086 4445 41.
1385 4379 1408 4412 ²
1439 4395 1638 4458 ona-39.
1669 4396 1747 4445 41.
2064 4382 2087 4415 ⁸
2120 4386 2335 4433 Mari:a
2367 4397 2446 4449 39.
2476 4399 2554 4447 41.

306 4448 328 4480 ⁴
361 4467 456 4500 om.
485 4464 564 4513 41.
1383 4446 1405 4477 ⁸
1437 4450 1588 4498 lectzo.
1616 4448 1697 4498 60.
2066 4446 2089 4479 ⁸
2119 4466 2212 4500 om.
2240 4449 2320 4500 60.

2240 4530 2452 4581 202
