3293 5225
626 431 723 495 338
1500 433 1555 482 s,
1594 433 1902 483 HIERON
1910 433 2123 484 YMUS.
2738 431 2909 494 [sm.
2944 444 3007 495 30.

632 610 1106 692 Dalmatieque
1165 610 1483 692 confinio)
1544 610 1918 674 christianis
1979 610 2366 693 parentibus
2428 621 2630 688 ortuS,
2695 632 2854 694 puer
2912 613 3007 673 ad·

633 697 908 761 modum
945 699 1233 761 Romam
1270 699 1510 761 missus
1542 708 1644 761 est
1677 697 2059 761 liberalibus
2103 698 2345 780 studijs
2392 699 2813 761 erudiendus
2895 698 3010 760 Vbi

637 784 911 847 Donato
972 785 1036 847 in
1115 786 1567 867 grammaticis
1644 795 2033 867 preceptore
2106 798 2176 849 et
2249 786 2350 868 (vt
2423 785 2701 867 quidam
2778 784 3014 865 volunt)

634 872 984 935 Victorino
1016 873 1080 933 in
1117 872 1457 934 rethoricis
1489 893 1663 946 vsuS,
1691 893 1922 956 grecas
1968 893 2044 936 ac
2094 873 2336 935 latinas
2384 872 2607 936 literas
2663 872 3013 935 felicissime

630 958 879 1021 didicit.
972 958 1146 1023 Cum
1225 969 1449 1022 autem
1528 968 1709 1022 etate
1769 961 2213 1042 processisset
2307 959 2834 1034 Aristotelicam,
2887 959 3011 1024 Pla-

633 1047 946 1123 tonicam,
992 1045 1291 1110 Stoicam
1342 1066 1419 1108 ac
1472 1054 1840 1109 ceterorum
1890 1048 2190 1110 omnium
2248 1046 2750 1129 Philosophiam
2801 1047 3017 1126 attigit.

632 1132 922 1197 Galliam
999 1133 1242 1195 deinde
1316 1132 1616 1196 discendi
1692 1134 1907 1216 gratia
1982 1134 2421 1217 perlustrauit,
2495 1134 2674 1196 vnde
2756 1133 3020 1195 Romam

633 1235 932 1283 reuersus
962 1230 1080 1291 est,
1115 1230 1317 1301 atque
1350 1218 1528 1283 inde¹
1563 1219 1829 1300 Syriam
1865 1220 2216 1302 profectus,
2309 1220 2463 1304 Qua
2511 1221 2746 1284 itidem
2799 1239 3019 1301 magna

634 1329 723 1371 ex
800 1318 986 1390 parte
1041 1307 1338 1369 discendi
1403 1307 1626 1369 studio
1687 1318 2038 1389 peragrata
2100 1309 2164 1370 in
2226 1318 2486 1370 vastam
2542 1328 2865 1383 eremum,
2910 1326 3024 1387 que

639 1395 844 1477 Syros
875 1396 962 1458 ab
994 1395 1327 1475 Agarenis
1358 1395 1797 1470 disterminat,
1828 1395 2114 1459 secessit
2205 1395 2339 1457 Vbi
2371 1405 2661 1476 quatuor
2691 1414 2905 1457 annos
2932 1390 3029 1456 ad’

636 1483 983 1544 hominum
1046 1481 1416 1562 frequentia
1477 1492 1791 1554 semotus,
1870 1503 2022 1545 cum
2099 1481 2242 1544 solo
2318 1482 2447 1545 deo
2523 1481 2845 1564 librisque
2913 1482 3029 1543 suis

634 1570 1099 1631 commertium
1146 1568 1418 1643 habens,
1471 1567 1922 1632 adolescentie
1985 1570 2207 1652 lapsus
2270 1568 2768 1650 lachrymarum
2836 1570 3023 1631 imbre

634 1657 950 1720 diluebat.
1043 1656 1135 1717 Et
1195 1664 1571 1718 contractas
1633 1677 1752 1738 per
1799 1657 1995 1719 etatis
2058 1657 2376 1718 incuriam
2442 1657 2672 1718 sordes
2740 1655 3024 1718 laborum

634 1743 994 1825 asperitate
1025 1742 1433 1824 detergebat.
1528 1742 1761 1805 Inedia
1808 1742 2097 1825 denique
2143 1763 2221 1805 ac
2266 1742 2511 1825 vigilijs
2560 1752 2626 1805 et
2674 1741 3027 1805 incredibili

637 1831 1022 1892 austeritate
1089 1829 1517 1892 rebellantem
1569 1849 1838 1892 carnem
1893 1840 1961 1893 et
2010 1830 2294 1893 subinde
2348 1829 2799 1913 repulantem8
2851 1830 3028 1892 etatis

638 1917 977 1979 lasciuiam
1012 1936 1338 1991 coercenS,
1387 1936 1627 1998 corpus
1677 1917 1937 1998 spiritui
1993 1918 2239 1979 seruire
2288 1916 2589 1980 docebat.
2679 1917 3032 1980 Visebatur

635 2014 860 2067 tamen
895 2005 961 2065 in
1022 2024 1102 2065 ea
1162 2003 1518 2066 solitudine
1580 2024 1712 2066 non
1777 2024 2117 2085 nunquam
2181 2004 2268 2066 ab
2327 2005 2576 2080 amiciS,
2651 2015 2724 2067 et
2800 2005 3033 2066 vicinos

637 2090 1000 2153 monachos
1075 2092 1214 2172 ipse
1290 2090 1634 2154 inuisebat.
1760 2091 2117 2154 Hebraice4
2189 2093 2511 2154 sermonis
2585 2091 3032 2155 difficultatem

636 2177 965 2240 indefesso
999 2177 1220 2240 labore
1253 2179 1545 2260 peruicit.
1639 2177 1844 2241 Cuius
1895 2198 2027 2240 non
2083 2177 2297 2240 solum
2353 2179 2886 2260 intelligentiam,
2932 2175 3031 2239 sed

632 2275 699 2327 et
732 2264 1128 2347 peculiarem
1183 2284 1421 2327 sonum
1477 2285 1553 2326 ac
1606 2265 2032 2327 vernaculum
2084 2264 2430 2328 stridorem
2484 2279 2585 2328 est
2634 2276 3034 2346 assequutus

634 2371 787 2413 vsus
819 2352 903 2414 ad
936 2371 1084 2414 eam
1120 2371 1256 2414 rem
1289 2351 1690 2413 doctissimis
1741 2351 2178 2427 Hebreorum‚
2223 2372 2392 2432 quos
2438 2353 2692 2434 ingenti
2748 2350 3034 2415 mercede

632 2438 1082 2501 conducebat:
1133 2439 1538 2520 marsupium
1593 2439 2013 2514 exhaurienS,
2059 2449 2131 2501 vt
2178 2450 2409 2522 pectus
2454 2439 2830 2503 eruditione
2879 2439 3034 2502 locu-

634 2526 929 2608 pletaret.
1049 2525 1194 2601 Nec
1269 2526 1370 2586 his
1435 2535 1790 2587 contentus
1843 2525 2255 2588 chaldaicam
2333 2527 2491 2588 item
2570 2527 2873 2607 linguam
2946 2534 3035 2587 est

631 2634 981 2696 aggressus
1004 2634 1204 2694 quam
1229 2622 1453 2675 tamen
1487 2612 1809 2675 hactenus
1842 2614 2042 2675 modo
2075 2622 2393 2694 sequutus
2424 2624 2541 2690 est,
2572 2623 2644 2675 vt
2678 2614 3031 2695 intelligere

634 2710 857 2783 posset
917 2702 1132 2762 verius
1192 2720 1392 2780 quam
1446 2720 1680 2762 sonare
1742 2699 2136 2781 Gregorium
2201 2700 2683 2763 nazanzenum⁵
2750 2709 3033 2784 precept·

631 2808 812 2851 orem
847 2807 1038 2849 suum
1074 2788 1213 2869 ipse
1244 2786 1555 2868 appellat,
1585 2796 1652 2849 et
1685 2787 1809 2849 hoc
1843 2788 2318 2870 interpretante
2349 2808 2419 2850 se
2469 2808 2687 2850 sacras
2739 2789 3033 2851 didicisse

633 2874 854 2937 literas
886 2884 1180 2937 testatur.
1272 2874 1442 2936 Cum
1478 2875 1679 2954 igitur
1728 2875 1980 2955 ingenti
2033 2875 2164 2936 iam
2213 2874 2530 2951 doctrina,
2575 2885 2643 2938 et
2689 2876 3035 2938 sanctitate

631 2962 845 3024 clarus
890 2961 1242 3023 haberetur
1298 2961 1585 3023 Romam
1642 2971 1989 3023 reuocatus
2039 2961 2381 3043 presbyter
2434 2961 2647 3024 sactus
2696 2972 2822 3026 est.
2912 2959 3033 3022 Vbi

632 3069 783 3111 cum
847 3048 1308 3130 probatissime
1377 3049 1511 3110 vite
1576 3048 1894 3129 exemplo
1966 3068 2182 3111 mores
2252 3049 2597 3111 hominum
2670 3050 3035 3131 castigaret,

632 3136 1063 3218 inprimisque
1094 3134 1476 3196 clericorum
1524 3135 1800 3196 crimina
1846 3144 2227 3197 constanter
2271 3145 2593 3216 argueret,
2646 3156 2784 3198 non
2834 3136 3035 3198 serens

633 3224 922 3304 ipsorum
958 3221 1296 3295 inuidiam,
1327 3242 1415 3284 ex
1448 3222 1605 3284 vrbe
1660 3222 1895 3284 iterum
1949 3222 2298 3304 profectuS,
2348 3222 2612 3299 Syriam
2660 3222 2930 3305 repetijt
2977 3229 3036 3282 et

635 3308 1023 3371 Bethlehem
1088 3306 1274 3370 iuxa⁶
1335 3328 1624 3391 presepe,
1686 3307 1865 3388 quod
1920 3309 2242 3371 infantem
2297 3308 2614 3372 christum
2669 3317 3036 3392 exceperat,

631 3406 906 3458 venture
937 3396 1260 3457 senectuti
1294 3395 1518 3457 sedem
1572 3394 1837 3476 delegit.
1930 3395 2064 3458 Vbi
2111 3415 2262 3458 cum
2313 3396 2440 3478 pijs
2492 3396 2844 3477 doctisque
2893 3396 3036 3457 viris

634 3484 698 3544 in
734 3483 1153 3558 monasterio,
1185 3482 1363 3562 quod
1401 3481 1606 3543 Paula
1638 3492 1943 3544 matrona
1976 3492 2205 3544 sancta
2250 3482 2655 3559 condiderat,
2709 3482 3032 3546 sanctissi-

635 3590 814 3631 mam
839 3569 1046 3631 vitam
1075 3569 1299 3631 multis
1318 3570 1455 3649 egit
1486 3570 1694 3631 annis,
1789 3569 2026 3631 Libros
2056 3569 2429 3650 complures
2459 3571 2734 3653 scripsit.
2830 3570 3034 3633 Vetus

634 3665 1107 3719 testamentum
1141 3656 1225 3717 ad
1258 3657 1604 3718 veritatem
1638 3656 2015 3718 hebraicam
2049 3657 2401 3720 transtulit.
2494 3656 2765 3719 Nouum
2818 3667 3029 3719 autem

636 3743 922 3806 reddidit
969 3763 1160 3824 grece
1207 3741 1377 3805 fidei.
1481 3742 1697 3804 Multa
1731 3752 2025 3825 preterea
2071 3764 2413 3824 grecorum
2465 3764 2666 3826 opera
2716 3743 3034 3807 latinitate

636 3830 928 3893 donauit.
1020 3828 1325 3891 Tandem
1358 3830 1493 3891 vite
1524 3850 1715 3891 cursu
1750 3831 2161 3892 sanctissime
2212 3840 2479 3912 peracto
2528 3831 2756 3892 multis
2813 3832 3032 3893 mirac-

636 3918 760 3980 ulis
790 3916 1004 3978 clarus
1037 3918 1102 3978 in
1150 3915 1385 3978 eodem
1437 3916 1688 3999 oppido
1745 3916 2134 3979 Bethlehem
2192 3918 2502 3999 migrauit
2551 3916 2636 3980 ad
2691 3917 3029 3980 dominum

638 4004 845 4087 pridie
905 4003 1216 4066 calendas
1272 4002 1580 4066 Octobris
1640 4023 1819 4066 anno
1871 4003 2094 4066 christi
2150 4006 2289 4066 nati
2343 4003 2682 4085 cccc.xxij.
2729 4025 2848 4067 sue
2892 4021 3036 4065 vero

633 4092 829 4155 etatis
860 4092 1295 4172 nonagesimo
1327 4091 1558 4172 prim0.

731 4403 745 4433 ¹
783 4404 869 4453 in:
904 4403 1015 4451 add.
1046 4415 1123 4465 39.
1154 4410 1247 4452 etc.
1940 4399 1963 4431 2
1994 4402 2091 4451 ab:
2129 4401 2206 4465 38.
2236 4412 2329 4452 etc.

731 4467 752 4501 ³
783 4469 1166 4533 repullulantem
1191 4486 1204 4517 ι
1241 4465 1319 4530 38.
1350 4475 1443 4517 etc.
1941 4465 1964 4497 ⁴
2002 4467 2141 4516 Thus
2162 4469 2265 4516 also
2286 4465 2381 4531 38:
2420 4466 2694 4517 Hebraici:
2732 4479 2811 4531 39.
2842 4474 2934 4517 etc.

734 4533 756 4564 ⁸
789 4533 1196 4585 Nazianzenum:
1234 4531 1311 4594 38.
1342 4540 1435 4583 etc.
1945 4531 1968 4562 ὅ
2001 4532 2166 4583 iuxta:
2203 4530 2279 4596 38.
2310 4541 2404 4583 etc.
