3293 5225
586 470 678 519 108
918 470 1158 519 SABBA
1174 471 1263 519 To
1318 470 1760 519 DO.1HNJCAE
1814 471 1923 520 Ill.
1986 470 2659 530 QUADRAGESIAIAE.

1117 671 1209 749 1(Ι
1252 673 1471 735 Tertia
1503 671 1706 736 lectio2
1735 674 2081 736 secundum
2122 671 2472 736 Ioannem.¹

669 785 725 846 N
766 784 879 846 illo
930 795 1228 866 tempore
1282 786 1464 847 venit
1502 785 1687 848 Iesus
1719 787 1783 847 in
1840 787 2182 848 ciuitatem
2237 784 2538 848 Samarie
2593 806 2724 867 que
2756 785 2998 848 dicitur

655 871 943 1019 l‘Sichan
976 873 1165 935 iuxta
1200 873 1499 954 predium
1544 873 1726 954 quod
1759 873 1945 935 dedit
1985 873 2186 935 Iacob
2230 872 2472 953 Ioseph
2506 871 2641 934 filio
2673 893 2809 936 suo,
2904 872 2994 935 Et

581 978 650 1020 re
679 979 850 1040 iqua.

1168 1071 1253 1134 H
1246 1071 1470 1133 omilin
1498 1071 1714 1134 sancti
1737 1072 1798 1133 A
1809 1072 2110 1154 agustini
2134 1071 2410 1153 episcopi.

730 1184 861 1247 Rat
895 1196 1119 1246 autem
1156 1185 1242 1247 ibi
1278 1183 1424 1246 sons
1462 1184 1666 1247 Iacob
1698 1194 1937 1265 puteus
1967 1194 2125 1259 erat,
2156 1184 2270 1246 sed
2304 1184 2522 1246 omnis
2556 1194 2794 1267 puteus
2831 1183 2995 1258 sonS,

755 1291 888 1333 non
919 1271 1137 1334 omnis
1185 1271 1333 1333 fons
1366 1282 1622 1354 puteus,
1716 1272 1849 1334 Vbi
1897 1272 2075 1333 enim
2109 1271 2193 1334 de
2226 1283 2399 1333 terra
2445 1292 2619 1353 aqua
2653 1281 2900 1347 manat,
2932 1281 2996 1333 et

580 1358 725 1420 vsui
774 1358 1083 1438 prebetur
1129 1358 1598 1435 haurientibuS,
1631 1358 1777 1420 fons
1827 1358 2081 1421 dicitur.
2175 1358 2308 1422 Sed
2357 1360 2408 1420 si
2458 1358 2520 1419 in
2571 1369 2884 1440 promptu
2931 1368 3000 1420 et

583 1443 930 1526 superficie
990 1447 1074 1507 sit
1124 1446 1271 1507 fons
1322 1444 1613 1508 tantum³
1673 1445 1928 1509 dicitur.
2051 1445 2121 1508 Si
2185 1456 2409 1508 autem
2477 1447 2541 1507 in
2604 1445 2741 1508 alto
2800 1456 2868 1508 et
2929 1446 2994 1507 in

586 1531 916 1614 profundo
966 1533 1087 1595 sit:
1137 1533 1227 1595 ita
1278 1545 1516 1615 puteus
1549 1543 1839 1607 vocatur,
1871 1543 1943 1596 vt
1998 1532 2198 1595 fontis
2231 1552 2473 1595 nomen
2528 1552 2660 1594 non
2711 1533 2996 1596 amittat.

588 1620 774 1681 Iesus
834 1630 1056 1682 autem
1120 1619 1434 1701 fatigatus
1494 1640 1580 1681 ex
1646 1621 1876 1682 itinere
1905 1643 1918 1681 z
1981 1620 2255 1683 sedebat
2317 1621 2407 1682 sic
2468 1640 2666 1700 super
2726 1620 2998 1682 fontem.

589 1706 776 1778 Hora
810 1717 949 1768 erat
973 1708 1163 1788 quasi
1183 1718 1393 1769 sexta.
1462 1707 1605 1769 Iam
1635 1708 1958 1789 incipiunt
1984 1708 2316 1787 mysteria.
2383 1707 2535 1769 Non
2558 1708 2734 1769 enim
2759 1706 2998 1769 frustra

582 1793 899 1875 fatigatur
929 1794 1127 1856 Iesus,
1209 1794 1362 1856 Non
1387 1795 1565 1856 enim
1593 1792 1831 1856 frustra
1863 1793 2179 1876 fatigatur
2203 1795 2406 1856 virtus
2437 1794 2561 1857 dei.
2641 1794 2791 1857 Non
2818 1794 2996 1855 enim

584 1879 823 1943 frustra
848 1881 1203 1962 fatigatur:
1251 1901 1587 1963 perquem
1610 1880 1868 1962 fatigati
1895 1891 2286 1945 recreantur.
2382 1881 2533 1943 Non
2556 1881 2732 1943 enim
2761 1880 2998 1943 frustra

584 1967 915 2051 fatigatur,
965 1988 1099 2050 quo
1174 1967 1512 2031 deferente
1583 1968 1959 2050 fatigamur,
2042 1988 2176 2050 quo
2255 1979 2561 2050 presente
2641 1967 2997 2031 firmamur.

585 2055 640 2117 F
644 2056 935 2137 atigatur
967 2069 1191 2117 tamen
1230 2056 1414 2117 Iesus
1441 2077 1453 2116 ε
1499 2066 1566 2117 et
1600 2053 1913 2136 fatigatur
1945 2055 2031 2117 ab
2064 2056 2332 2118 itinere:
2381 2065 2448 2118 et
2478 2056 2682 2131 sedet,
2708 2064 2776 2118 et
2807 2054 2998 2117 iuxta

582 2153 859 2223 puteum
895 2143 1097 2217 sedet,
1121 2151 1188 2204 et
1219 2142 1381 2204 hora
1413 2152 1608 2205 sexta
1641 2142 1957 2224 fatigatus
1989 2143 2193 2207 sedet.
2285 2141 2532 2206 Omnia
2555 2143 2679 2204 ista
2713 2143 2998 2204 innuunt

576 2228 848 2310 aliquid,
870 2229 1158 2292 indicare
1185 2228 1415 2292 volunt
1439 2229 1706 2310 aliquid.
1804 2230 2105 2293 Intentos
2124 2250 2247 2292 nos
2274 2229 2541 2305 faciunt,
2566 2238 2636 2291 vt
2661 2227 2999 2311 pulsemus

582 2315 953 2380 hortantur.
1049 2317 1201 2398 Ipse
1232 2336 1391 2397 ergo
1417 2318 1608 2379 nobis
1641 2318 1894 2397 aperiat
1928 2328 1992 2378 et
2021 2317 2206 2379 vobis
2234 2340 2247 2378 :
2292 2318 2403 2397 qui
2437 2315 2752 2397 dignatus
2771 2324 2875 2378 est
2906 2315 2998 2376 ita

582 2402 828 2465 hortari
851 2414 920 2466 vt
945 2403 1194 2466 diceret
1221 2427 1235 2466 :
1284 2403 1569 2479 Pulsate,
1587 2415 1654 2466 et
1686 2405 2014 2485 aperietur
2037 2404 2243 2478 vobiS,
2275 2405 2420 2466 tibi*
2443 2403 2759 2485 fatigatus
2780 2412 2881 2464 est
2915 2402 2999 2464 ab

585 2491 818 2553 itinere
866 2490 1067 2554 Iesus,
1164 2491 1551 2553 Inuenimus
1594 2492 1904 2553 virtutem
1954 2492 2142 2553 Iesu:
2199 2501 2265 2554 et
2309 2491 2682 2552 inuenimus
2726 2488 2999 2552 infirmi-

582 2586 792 2641 tatem
832 2577 999 2654 Iesu,
1031 2577 1267 2642 fortem
1301 2588 1367 2641 et
1415 2576 1766 2643 infirmum.
1861 2578 2150 2653 Fortem,
2203 2579 2359 2660 quia
2392 2578 2454 2639 in
2509 2578 2829 2661 principio
2859 2584 3000 2639 erat

579 2666 875 2741 verbum,
906 2676 974 2728 et
994 2668 1266 2729 verbum
1289 2679 1429 2728 erat
1449 2665 1627 2749 apud
1653 2666 1873 2741 deum,
1892 2677 1958 2728 et
1980 2666 2144 2728 deus
2175 2676 2315 2728 erat
2336 2665 2610 2728 verbum
2639 2688 2651 2727 ε
2700 2666 2823 2727 hoc
2857 2671 2999 2726 erat

586 2752 651 2814 in
677 2753 1001 2834 principio
1025 2753 1203 2835 apud
1225 2754 1442 2815 deum.
1536 2753 1660 2814 Vis
1682 2753 1901 2816 videre
1932 2773 2134 2835 quam
2164 2754 2285 2815 iste
2308 2752 2493 2815 fortis
2525 2753 2656 2815 sit?
2748 2750 2999 2815 Omnia

582 2860 700 2921 per
761 2841 975 2922 ipsum
1032 2839 1211 2904 sacta
1256 2852 1449 2902 sunt:
1496 2849 1563 2902 et
1624 2842 1766 2903 sine
1827 2842 1971 2923 ipso
2021 2840 2270 2903 factum
2333 2849 2434 2902 est
2485 2839 2641 2901 nihil
2673 2863 2686 2901 :
2736 2850 2801 2901 et
2863 2839 3003 2899 sine

581 2926 807 2989 labore
840 2927 1016 2989 sacta
1045 2937 1201 2990 sunt
1231 2927 1497 2990 omnia.“’

1669 3064 1914 3129 Oratio.

600 3177 913 3304 IEiunia
946 3186 1174 3239 nostra
1205 3198 1567 3259 quesumus
1597 3177 1868 3240 domine
1901 3177 2191 3261 benigno
2225 3176 2450 3240 fauore
2485 3194 2898 3258 prosequere.
2930 3184 3002 3236 vt

697 3266 864 3328 sicut
894 3265 979 3327 ab
1010 3264 1341 3327 alimentis
1373 3266 1782 3328 abstinemus
1814 3265 1879 3326 in
1913 3284 2203 3348 corpore,
2237 3267 2327 3326 ita
2358 3284 2397 3325 a
2429 3263 2606 3344 vitijs
2640 3263 3004 3325 ieiunemus

589 3352 654 3413 in
692 3362 954 3414 mente:
1002 3373 1119 3434 per
1156 3351 1520 3414 dominum.

1166 3493 1232 3563 (Ι
1264 3486 1480 3549 Hodie
1508 3486 1821 3550 dicuntur
1844 3497 2072 3569 septem
2103 3484 2424 3569 spalmi.†⁰

1196 3631 1262 3701 (Ι
1297 3625 1578 3689 sabbato
1607 3647 1687 3687 ex
1720 3624 1989 3689 Genesi?
2080 3625 2289 3689 Lectio
2321 3626 2378 3689 .i.

737 3739 842 3801 Ve
868 3748 1221 3822 postquam
1257 3750 1445 3820 gesta
1476 3749 1649 3815 sunt,
1674 3740 1959 3802 tentauit
1991 3740 2154 3802 deus
2181 3739 2525 3802 Abraham
2666 3738 2740 3799 In
2778 3746 3005 3799 monte

770 3827 1100 3889 Dominus
1128 3826 1395 3890 videbit.

821 3994 887 4064 (Ι
918 3987 1214 4070 Epistola
1245 3988 1418 4050 beati
1442 3988 1487 4050 J
1480 3989 1713 4051 oannis
1740 3990 2011 4071 apostoli
2034 3989 2351 4052 secundafl
2443 3989 2653 4051 Lectio
2682 3988 2768 4069 .ij.

697 4101 1141 4249 Eniorlelecte
1173 4101 1443 4164 domine
1474 4112 1542 4164 et
1590 4103 1764 4164 natis
1809 4104 1949 4165 eius
2130 4102 2441 4167 Salutant
2487 4111 2552 4164 te
2599 4100 2712 4182 filij
2765 4099 3005 4162 sororis

722 4199 833 4251 tue
863 4210 900 4251 e
928 4198 1089 4252 ecte.

689 4339 791 4377 ¹—¹
829 4353 872 4402 (1
904 4342 1131 4391 Ioannis.
1161 4356 1207 4402 4.
1240 4343 1402 4390 Lectio
1426 4355 1489 4390 2:
1527 4341 1604 4404 38.
1899 4341 1921 4371 ²
1954 4342 2042 4392 Ca.
2073 4357 2118 4402 4.
2150 4343 2206 4390 in
2231 4359 2295 4389 m.

688 4406 709 4436 ³
743 4416 926 4456 tamen.
957 4406 1035 4455 66.
1900 4406 1921 4437 ⁴
1956 4408 2069 4457 Ibi:
2109 4420 2185 4470 39.
2214 4420 2293 4467 41.

689 4471 709 4501 ⁶
746 4473 997 4521 Miserere.
1031 4483 1105 4534 5ο.
1135 4474 1245 4521 add.
1276 4472 1353 4535 63.
1896 4471 1917 4503 ὅ
2017 4473 2352 4522 netenciales:
2389 4473 2500 4520 add.
2533 4471 2608 4534 38.

697 4536 716 4568 ⁷
752 4538 840 4587 Ca.
871 4550 933 4586 22
958 4539 1015 4586 in
1039 4554 1103 4586 m.
1178 4539 1315 4597 [xxii.
1352 4540 1518 4599 1-14.]
1901 4538 1921 4569 ⁸
1952 4489 2149 4601 fle—13]
