3293 5225
537 464 653 513 xxiv
1502 465 1801 514 PRAEFA
1814 466 1863 514 T
1855 467 1892 514 I
1893 465 1949 515 0.

540 636 768 681 eorum
801 618 1009 681 secuti
1041 617 1155 699 qui
1187 616 1484 680 omnium
1520 618 2032 700 prudentissime
2063 618 2305 682 sentire
2325 618 2445 683 visi
2476 628 2649 694 sunt,
2671 618 2953 682 libenter

543 704 852 786 quaedam
943 703 1345 780 addidimuS,
1419 703 1547 767 alia
1639 706 2063 782 mutauimu5‚
2137 715 2204 769 et
2279 707 2509 769 omnia
2596 705 2950 789 diligenter

544 792 1068 873 recognouimuS,
1130 800 1387 855 retenta
1462 801 1686 854 tamen
1763 812 2026 855 summa
2097 791 2308 856 forma
2366 792 2689 857 breuiarii.
2812 792 2947 858 Sed

543 879 860 960 quoniam
915 879 1007 940 sic
1052 876 1178 941 sert
1227 888 1461 942 natura
1514 899 1753 955 rerum,
1799 890 1871 943 vt
1924 879 2085 942 nihil
2135 880 2220 943 sit
2272 891 2410 943 tam
2461 890 2733 956 rectum,
2787 880 2948 942 nihil

542 975 733 1029 tanta
808 967 1062 1029 ratione
1122 966 1187 1027 in
1248 966 1454 1028 vitam
1523 986 1851 1048 vsumque
1924 966 2268 1030 hominum
2345 966 2710 1044 inductum,
2765 967 2951 1030 cuius

545 1052 810 1115 nouitas
884 1073 1018 1116 non
1094 1052 1181 1116 sit
1252 1052 1585 1134 aliquibus
1661 1053 1940 1135 ingrata,
1999 1074 2132 1116 non
2195 1064 2446 1118 temere
2507 1054 2741 1117 facturi
2802 1074 2948 1116 esse

543 1139 862 1216 videmur,
936 1141 989 1202 si
1067 1139 1388 1203 rationem
1465 1140 1670 1203 totius
1744 1140 2029 1204 instituti
2105 1142 2311 1204 nostri
2385 1162 2426 1205 a
2502 1141 2695 1204 nobis
2769 1141 2950 1223 prius

544 1228 928 1289 summatim
963 1227 1310 1301 redditam,
1344 1246 1519 1290 nunc
1565 1229 1937 1292 accuratius
1983 1229 2325 1310 recognito
2372 1228 2716 1306 breuiari0‚
2749 1228 2949 1311 paulo

544 1312 740 1375 latius
771 1313 1274 1395 explicabimus,
1546 1388 1553 1392 ,

636 1400 802 1462 Mihi
834 1401 1011 1463 enim
1059 1400 1160 1483 (vt
1207 1420 1386 1482 saepe
1434 1398 1606 1463 suml
1656 1401 2016 1483 professus)
2065 1403 2409 1484 cogitanti,
2460 1412 2662 1483 atque
2722 1403 2948 1465 animo

540 1488 863 1570 repetenti
897 1488 1083 1550 initia
1113 1488 1353 1550 veteris
1383 1486 1713 1558 instituti.g
1731 1508 1867 1569 quo
1896 1490 2223 1553 sancitum
2257 1500 2378 1564 est,
2399 1499 2472 1553 vt
2502 1489 2716 1554 clerici
2750 1490 2951 1552 sacris

544 1574 802 1651 initiati,
860 1575 962 1638 vel
1024 1574 1409 1637 sacerdotiis
1485 1575 1934 1657 praesidenteS‚
1978 1575 2254 1658 singulis
2307 1576 2541 1640 diebus
2604 1577 2949 1660 perlegant

541 1659 860 1724 horarias⁸
891 1682 1133 1744 preceS,
1163 1681 1330 1742 quas
1359 1663 1713 1725 canonicas
1743 1662 1944 1725 etiam
1978 1663 2409 1746 appellamuS‚
2440 1673 2571 1727 tres
2617 1666 2950 1747 praecipue

542 1767 758 1810 causae
790 1759 1108 1830 spectatae
1140 1748 1338 1811 fuisse
1368 1749 1572 1811 videri
1607 1748 1840 1814 solent.
1932 1748 2232 1831 Quarum
2268 1770 2346 1814 ea
2377 1752 2592 1834 prima
2615 1760 2735 1827 est,
2764 1751 2945 1831 quod

542 1854 747 1916 quum
809 1836 1008 1899 ceteri
1069 1835 1373 1898 homines
1434 1837 1499 1898 in
1561 1855 1826 1917 quaque
1888 1838 2175 1915 ciuitate,
2238 1847 2353 1901 aut
2413 1858 2603 1900 suum
2667 1837 2948 1919 quisque

541 1923 883 2004 negotium
916 1931 1138 2005 agant,
1198 1933 1314 1986 aut
1362 1922 1429 1985 in
1480 1923 1818 2005 republica
1864 1924 2391 1988 administranda
2440 1926 2570 1987 sint
2623 1925 2950 2006 occupati,

539 2008 791 2072 clericis
848 2029 937 2072 ex
985 2029 1065 2072 eo
1100 2009 1363 2073 ⁴vocatis
1423 2010 1603 2090 quod
1667 2012 1860 2073 sortis
1921 2011 2173 2073 domini
2234 2013 2385 2089 sint,
2444 2009 2691 2093 quique
2752 2012 2947 2074 bonis

538 2096 998 2160 ecclesiasticis
1065 2096 1348 2172 aluntur,
1428 2096 1555 2159 hoc
1637 2098 2057 2180 potissimum
2135 2101 2477 2180 negotium
2562 2098 2804 2163 diuinis
2880 2109 2947 2161 et

537 2183 846 2246 humanis
881 2184 1135 2266 legibus
1178 2193 1279 2245 est
1324 2183 1712 2259 iniunctum,
1759 2195 1831 2248 vt
1887 2185 2107 2248 Deum
2164 2185 2407 2248 habere
2460 2187 2820 2268 propitium
2877 2185 2944 2248 in

536 2271 963 2334 commissum
1024 2270 1149 2333 sibi
1211 2270 1552 2354 populum,
1609 2291 1688 2333 ac
1749 2271 1833 2334 de
1894 2291 1964 2334 se
2025 2273 2192 2336 bene
2268 2283 2630 2337 merentem
2692 2273 2949 2336 cunctis

536 2357 1323 2420 rationibus-enitantur:
1383 2356 1563 2438 quod
1613 2378 1745 2421 non
1801 2357 2017 2422 solum
2072 2359 2408 2442 sacrificijs
2461 2358 2786 2436 efficitur‚⁴
2827 2360 2946 2422 sed

537 2444 740 2506 etiam
787 2444 1108 2527 precibuS‚
1155 2463 1306 2525 quae
1338 2464 1378 2505 a
1408 2444 1521 2527 pio
1568 2445 1768 2508 corde
1818 2445 2331 2527 proficiscantur.
2427 2447 2561 2529 Ipsi
2611 2447 2790 2510 enim
2843 2447 2947 2526 (vt

540 2529 949 2594 testimonio⁵
995 2531 1422 2612 versibusque
1453 2540 1599 2594 vtar
1631 2532 1808 2596 beati
1843 2532 2217 2597 Alexandri
2268 2555 2460 2618 papae
2494 2544 2560 2598 et
2608 2533 2946 2617 martyris)

541 2638 661 2700 pro
724 2617 972 2700 populo
1035 2618 1476 2699 interpellant,
1536 2628 1602 2683 et
1680 2620 1908 2703 populi
1984 2632 2258 2704 peccata
2331 2625 2711 2698 comedunt,
2787 2621 2947 2703 quia

539 2705 842 2787 precibus
874 2706 1007 2768 suis
1039 2716 1106 2769 et
1137 2704 1586 2769 oblationibus
1631 2727 1711 2770 ea
1760 2706 2004 2777 delent.
2053 2718 2255 2791 atque
2298 2718 2716 2773 consumunt.
2808 2708 2944 2791 Qui

536 2802 790 2872 quanto
821 2792 1151 2874 digniores
1184 2792 1441 2869 fuerint,
1472 2803 1663 2857 tanto
1707 2793 1960 2858 facilius
1993 2816 2114 2879 pro
2158 2797 2398 2876 quibus
2444 2795 2949 2859 necessitatibus

538 2878 833 2942 clamant
936 2879 1405 2944 exaudiuntur.
1539 2879 1741 2962 Quod
1833 2883 2216 2946 testimonio
2293 2881 2635 2967 probatur⁶
2718 2883 2946 2947 Iacobi

537 2963 850 3048 apostoli7
880 2967 993 3048 qui
1040 2986 1162 3029 nos
1214 2967 1300 3029 ad
1350 2968 1757 3047 precandum
1811 2969 2204 3033 cohortans:
2269 2970 2493 3046 Orate,
2542 2970 2774 3052 inquit,
2827 2990 2947 3053 pro

537 3052 841 3129 inuicem,
901 3063 973 3115 vt
1031 3052 1423 3116 saluemini:
1499 3054 1787 3118 multum
1848 3058 2025 3119 enim
2089 3056 2263 3121 valet
2337 3057 2717 3140 deprecatio
2792 3058 2947 3120 iusti

536 3135 822 3204 assidua.
931 3140 1163 3203 Altera
1221 3160 1423 3204 causa
1481 3151 1599 3217 est,
1660 3152 1732 3203 vt
1807 3144 1919 3224 qui
1997 3143 2248 3225 reliquo
2323 3143 2572 3227 populo
2630 3144 2949 3226 exemplo

541 3226 790 3290 debent
834 3247 977 3290 esse
1022 3227 1282 3291 virtutis
1335 3225 1439 3290 ac⁸
1469 3229 1928 3292 sanctimoniae
1977 3231 2243 3294 assidua
2293 3232 2671 3314 precatione
2720 3231 2945 3295 Deum

541 3313 976 3395 alloquente3‚
1009 3315 1228 3377 minus
1272 3316 1583 3397 oportuni
1630 3314 1992 3379 reddantur
2037 3319 2348 3381 tentatori
2403 3317 2691 3396 diabolO,
2721 3319 2774 3381 si
2830 3338 2944 3381 eos

541 3401 868 3465 inuenerit
910 3402 1020 3483 (vt
1051 3401 1534 3483 »Hieronymus
1580 3402 1705 3482 ait)
1761 3413 2140 3486 occupatOS,
2193 3404 2286 3467 et⁹
2336 3425 2377 3468 a
2429 3404 2947 3487 cogitationibus

539 3489 940 3552 caducarum
996 3508 1219 3551 rerum
1280 3488 1561 3551 subinde
1619 3491 1899 3567 auocati,
1958 3492 2506 3574 contemplationi
2568 3493 2944 3555 diuinarum

538 3585 943 3639 assuescant.
1004 3575 1230 3638 Tertia
1254 3585 1326 3639 vt
1350 3575 1686 3658 religionis
1717 3597 1983 3659 quoque
2002 3577 2201 3641 futuri
2236 3579 2534 3661 magistri
2554 3579 2947 3661 quotidiana

544 3681 726 3739 sacre
844 3663 1160 3744 scripture
1267 3672 1336 3726 et
1438 3663 2029 3727 ecclesiasticarum
2136 3665 2557 3729 historiarum
2663 3665 2947 3731 lectione

544 3748 929 3813 erudiantur
955 3771 968 3812 :
1014 3749 1690 3832 complectanturque,
1721 3761 1792 3814 vt
1827 3751 2072 3814 Paulus
2104 3752 2213 3829 ait,
2245 3773 2397 3816 eum
2430 3753 2543 3834 qui
2575 3753 2940 3818 secundum

544 3834 916 3899 doctrinam
966 3847 1085 3912 est,
1117 3834 1378 3900 fidelem
1425 3857 1821 3915 sermonem,
1852 3847 1919 3901 et
1951 3850 2260 3922 potentes
2305 3840 2438 3903 sint
2483 3840 2819 3903 exhortari
2875 3841 2942 3903 in

543 3920 844 3986 doctrina
875 3943 1056 3999 sana,
1087 3932 1155 3985 et
1184 3943 1298 3986 eos
1343 3924 1457 4004 qui
1503 3926 1969 3989 contradicunt
2015 3946 2304 4009 arguere.
2397 3927 2489 3990 Et
2535 3927 2835 4010 profecto
2889 3928 2943 3989 si

537 4009 686 4091 quis
747 4008 1021 4072 modum
1098 4010 1410 4093 precandi
1472 4011 1630 4074 olim
1693 4032 1734 4075 a
1794 4013 2153 4076 maioribus
2212 4013 2531 4078 traditum
2593 4014 2948 4097 diligenter

625 4198 645 4231 ¹
676 4217 771 4251 om.
799 4215 879 4262 44.
1858 4203 1882 4235 ²
1913 4205 1999 4255 in:
2035 4207 2152 4255 add.
2174 4219 2256 4270 43.

625 4265 647 4296 ³
679 4267 955 4317 horiarias=
992 4265 1069 4331 38.
1859 4270 1881 4301 ⁴
1912 4270 2224 4322 efficiuntur:
2258 4285 2339 4335 43.

624 4330 646 4361 ³
678 4332 992 4382 testimonia:
1031 4332 1108 4396 38.
1862 4334 1884 4365 ⁰
1916 4338 2127 4399 probat:
2165 4350 2244 4401 39.
2273 4349 2352 4387 etc

622 4395 644 4429 ⁷
677 4398 923 4462 epistola:
959 4400 1070 4447 add.
1100 4397 1178 4447 61.
1209 4397 1286 4460 64.
1861 4399 1884 4431 ⁸
1915 4411 1999 4451 et:
2038 4415 2115 4465 39.
2144 4413 2238 4453 etc.

675 4463 915 4527 epistolae
938 4481 950 4513 ε
987 4465 1098 4512 add.
1126 4476 1205 4526 49.
1861 4463 1883 4495 ⁹
1912 4482 2006 4517 om.
2035 4482 2114 4528 44.
2142 4482 2223 4531 49.
2253 4468 2333 4518 61.
2362 4468 2441 4530 64.
