3293 5225
988 464 1365 513 DOMINJCA
1408 464 1710 523 QUARTA
1747 464 1856 513 AD
1871 464 2177 515 VAENTUS.
2731 472 2789 522 57

373 638 500 697 quo
529 617 626 678 ad
650 617 907 678 tertiam
940 617 1259 679 lectionem
1289 618 1654 680 seruandus
1682 628 1776 680 est
1805 618 1974 680 z'a'em
2004 618 2174 689 ordo.
2203 617 2323 699 qui
2359 625 2659 679 seruatus
2701 623 2798 676 est

378 703 451 763 in
471 703 950 784 precedentibus
965 705 1172 786 serijs
1200 704 1392 767 donec
1421 704 1657 786 vigniti:
1688 704 2064 767 natiuitatis
2093 712 2396 767 occurrat.

859 847 924 916 (I
977 841 1258 904 sabbato
1287 862 1366 903 ex
1394 838 1760 906 Ezecltiele.1
1852 841 2066 904 Lectio
2082 840 2326 923 prima.

529 953 586 1014 T
622 952 867 1016 sactum
904 965 1005 1015 est
1037 955 1313 1015 verbum
1347 953 1600 1017 domini
1754 956 2129 1017 custodiam
2153 964 2220 1017 et
2242 973 2511 1035 pascam
2550 951 2693 1014 illas
2727 951 2790 1011 in

556 1041 813 1101 iudicio,

977 1133 1042 1202 (I
1095 1128 1461 1190 Secundum
1494 1127 1784 1192 Lucam.‘·'·
1875 1128 2086 1190 Lectio
2116 1126 2199 1210 .ῂῖ

398 1239 766 1367 FActum
800 1250 900 1337 est
931 1248 1176 1312 autem,
1208 1260 1357 1301 cum
1394 1239 1697 1320 redijsset
1735 1240 1936 1317 IesuS,
1966 1241 2233 1321 excepit
2267 1239 2450 1301 illum
2484 1237 2678 1302 turba

547 1345 629 1387 ne
662 1326 853 1388 alicui
888 1327 1182 1388 dicerent
1214 1326 1392 1406 quod
1427 1327 1676 1390 factum
1709 1338 1866 1390 erat.

561 1467 623 1536 (Ι
674 1462 843 1523 Dom
850 1462 1018 1524 inico
1051 1461 1189 1544 ‚iiiyl
1222 1463 1543 1525 aduentus
1572 1484 1651 1525 ex
1679 1462 2043 1526 Ezechtcle.³
2131 1462 2348 1525 Lectio
2377 1461 2622 1544 prima.

390 1573 637 1701 VOS
704 1584 927 1637 autem
1004 1595 1239 1657 greges
1319 1575 1467 1650 mei,
1526 1574 1645 1637 hec
1723 1576 1883 1637 dicit
1974 1575 2284 1638 dominus
2359 1574 2522 1637 deus
2669 1591 2797 1653 ego

560 1662 870 1724 dominus
904 1660 1068 1723 deus
1100 1672 1334 1736 vester,
1366 1663 1527 1725 dicit
1559 1664 1869 1725 dominus
1902 1664 2080 1725 deus,

982 1805 1047 1874 (Ι
1100 1799 1466 1861 Secundum
1499 1799 1790 1862 Lucam*
1878 1798 2089 1861 Lectio
2119 1798 2204 1880 ,ill

387 1908 890 2057 COnulocatis
923 1921 1146 2008 autem
1188 1911 1370 1972 lesus
1401 1910 1753 1973 duodecim
1803 1911 2123 1992 apostolis
2274 1910 2795 1991 fragmentorum

548 2017 673 2078 cop
727 2017 811 2058 1n1
849 2019 979 2078 χι).

1029 2140 1094 2209 (1
1142 2134 1357 2197 Lectio
1387 2134 1499 2215 ,ι’ᾔ.
1528 2136 1874 2197 secundum
1907 2135 2194 2200 Lucam.⁴''

398 2245 701 2375 ANno
731 2247 967 2327 quinto
999 2246 1261 2309 decimo
1292 2246 1550 2346 imperij
1586 2246 1832 2329 Tiberij
1858 2247 2118 2312 Cesaris
2145 2256 2539 2330 procurante
2564 2247 2803 2310 Pontio

575 2333 785 2396 Pilato
825 2334 1097 2396 Iudeam
1132 2344 1199 2397 et
1231 2335 1495 2414 reliqua.

1072 2471 1369 2534 Homilia
1397 2471 1611 2534 sancti
1641 2471 1702 2535 G
1704 2471 1952 2554 regomj'
1956 2483 2137 2554 pape.

552 2584 727 2646 Mnis
779 2583 964 2646 vallis
998 2583 1379 2665 implebitur
1427 2593 1493 2647 et
1546 2585 1766 2647 omnis
1799 2604 1990 2648 mons
2021 2595 2088 2648 et
2119 2585 2305 2648 collis
2336 2582 2804 2649 humiliabitur.

577 2670 756 2753 Quid
833 2672 957 2734 hoc
1051 2672 1196 2733 loco
1286 2671 1554 2734 vallium
1634 2674 1904 2734 nomine
1980 2674 2102 2735 nisi
2179 2670 2500 2735 humile⁶?
2621 2670 2802 2753 Quid

398 2760 723 2820 montium
789 2768 855 2819 et
918 2757 1200 2829 collium,
1266 2759 1387 2820 nisi
1465 2758 1728 2840 superbi
1809 2759 2112 2822 homines
2179 2759 2625 2840 designantur.
2723 2758 2800 2820 In

393 2845 691 2907 aduentu
757 2846 957 2927 igitur
1005 2847 1440 2927 redemptoris
1495 2847 1701 2909 nostri
1756 2846 1960 2908 valles
2012 2846 2282 2930 implete
2335 2857 2491 2909 sunt
2541 2855 2805 2908 montes

394 2952 553 2994 vero
578 2942 644 2994 et
667 2931 869 2994 colles
899 2932 1224 2995 humiliati
1246 2943 1418 3006 sunt,
1441 2934 1597 3013 quia
1627 2935 1819 2996 iuxta
1850 2954 2080 2996 vocem
2111 2934 2428 3010 eiusdem,
2452 2933 2668 2995 omnis
2689 2933 2805 3014 qui

396 3039 471 3081 se
517 3020 775 3081 exaltat
827 3017 1301 3094 humiliabitur,
1347 3029 1415 3082 et
1462 3021 1573 3100 qui
1624 3041 1696 3083 se
1742 3020 2047 3084 humiliat
2078 3018 2498 3083 exaltabitur.
2588 3018 2805 3083 Vallis

397 3107 645 3168 etenim
681 3106 956 3188 impleta
989 3107 1239 3183 crescit,
1265 3126 1459 3169 mons
1490 3115 1713 3170 autem
1747 3116 1814 3171 et
1845 3108 2030 3170 collis
2061 3107 2447 3171 humiliatus
2466 3106 2806 3170 decrescit.

393 3192 576 3274 Quia
609 3194 915 3255 nimirum
950 3194 1015 3255 in
1053 3192 1181 3256 fide
1214 3194 1596 3257 mediatoris
1625 3196 1735 3258 dei
1764 3205 1833 3258 et
1865 3195 2227 3270 hominum,
2247 3195 2535 3257 hominis
2561 3192 2804 3258 Christi

405 3278 573 3355 Iesu,
633 3291 698 3342 et
753 3281 1090 3361 gentilitas
1152 3279 1632 3361 plenitudinem
1696 3283 1906 3363 gratie
1965 3280 2244 3365 accept.⁷
2295 3291 2362 3344 et
2422 3280 2630 3344 Iudea
2691 3301 2806 3363 per

392 3386 685 3429 errorem
735 3366 1006 3449 perfidie
1052 3367 1178 3430 hoc
1223 3368 1400 3430 vnde
1430 3367 1735 3432 tumebat
1767 3370 2068 3451 perdidit.
2159 3367 2400 3433 Omnis
2428 3388 2589 3450 ergo
2617 3368 2808 3431 vallis

397 3452 798 3535 implebitur,
829 3456 982 3536 quia
1037 3454 1239 3517 corda
1291 3454 1640 3518 humilium
1695 3476 1811 3539 per
1858 3465 2085 3519 sancte
2138 3455 2437 3519 doctrine
2468 3454 2805 3537 eloquium

398 3542 715 3602 virtutum
768 3542 980 3622 gratia
1036 3540 1510 3624 replebuntur,8
1540 3543 1730 3606 iuxta
1762 3543 1886 3606 hoc
1917 3544 2097 3624 quod
2131 3544 2448 3626 scriptum
2481 3554 2583 3605 est
2611 3566 2625 3606 :
2674 3541 2806 3625 Qui

398 3628 648 3690 emittis
711 3627 927 3691 fontes
990 3629 1052 3690 in
1132 3627 1559 3692 conuallibus.
1657 3631 1746 3693 Et
1824 3629 1977 3693 inde
2055 3650 2311 3693 rursum
2388 3629 2665 3693 dicitur:
2740 3641 2807 3692 et

392 3713 762 3777 conualles⁹
819 3715 1256 3779 abundabunt
1318 3714 1667 3780 frumento.
1761 3718 1824 3779 A
1889 3716 2226 3781 montibus
2288 3736 2575 3799 namque
2636 3737 2810 3799 aqua

399 3800 804 3864 dilabitur¹⁰:
851 3804 1007 3884 quia
1039 3803 1356 3887 superbas
1395 3815 1652 3867 mentes
1704 3804 1999 3868 veritatis
2051 3804 2352 3867 doctrina
2401 3804 2661 3880 deserit,
2692 3805 2808 3867 sed

401 3887 620 3950 fontes
676 3890 739 3951 in
796 3888 1209 3953 conuallibus
1262 3901 1559 3974 surgunt,
1608 3892 1765 3973 quia
1815 3901 2074 3956 mentes
2135 3891 2481 3955 humilium
2534 3892 2806 3954 verbum

403 3975 835 4057 predicatoris
884 3976 1166 4040 audiunt
1215 3987 1283 4040 et
1334 3978 1684 4059 accipiunt.
1781 3978 1925 4040 Iam
1976 3978 2279 4042 videmus
2311 3980 2442 4042 iam
2475 3978 2812 4041 conualles

402 4062 741 4126 frumento
773 4063 1112 4127 abundare
1144 4064 1604 4146 conspicimus,
1626 4066 1785 4148 quia
1810 4064 2070 4128 illorum
2092 4086 2208 4129 ora
2240 4064 2487 4148 pabulo
2516 4064 2812 4128 veritatis

402 4148 682 4230 impleta
732 4162 886 4213 sunt
934 4151 1090 4231 quia
1143 4152 1337 4214 mites
1383 4172 1460 4213 ac
1507 4153 1841 4234 simplices
1889 4152 2038 4215 huic
2087 4153 2339 4216 mundo
2376 4151 2813 4234 despicabiles

498 4275 515 4351 ‚¹
552 4293 625 4325 ca.
657 4289 721 4340 34
744 4279 797 4326 in
824 4295 888 4328 m.
917 4279 1103 4339 [xxxiv.
1140 4279 1305 4339 1-16.]
1641 4278 1665 4309 ⁹
1699 4281 1821 4342 [viii.
1849 4280 2056 4344 40-56.]

496 4342 518 4436 ξ
551 4344 737 4457 [giam
776 4344 973 4456 ¹3:3³]
1644 4344 1671 4440 ἒ
1699 4347 1899 4460 {323²-
1928 4348 1987 4460 ig
2011 4348 2391 4462 'gurgi‘leg-ITJ
2411 4421 2488 4461 etc

496 4472 517 4503 '¹'
560 4421 995 4538 Tk¹1³is3accepit=
1035 4474 1111 4537 38.
1141 4485 1233 4523 etc.
1649 4475 1671 4505 ⁸
1704 4424 2065 4541 explebuixtur:
2104 4477 2180 4540 38.
2255 4449 2267 4461 υ
2306 4424 2382 4475 39·
2492 4449 2504 4460 ⁸

498 4535 520 4565 ⁹
553 4540 741 4587 valles:
782 4551 858 4601 39.
889 4553 965 4599 41·
1628 4540 1667 4572 ¹⁰
1700 4542 1978 4591 delabitur:
2016 4555 2093 4606 39.
2123 4557 2201 4602 ⁴1·
2274 4542 2597 4592 dilatabitur:
2633 4555 2714 4601 4⁴-
