3293 5225
501 357 596 409 322
1256 346 1548 395 OCTAVA
1587 347 2158 398 ASSUMPTIONJS.
2621 349 2785 410 [Aoo.
2831 360 2917 397 22.

502 507 569 561 et
615 499 700 561 de
731 499 996 579 exiguis
1026 499 1276 562 eximia
1323 500 1634 581 cogitare,
1665 501 1948 581 qualiter
1994 501 2260 564 fauente
2290 501 2419 565 deo
2458 522 2575 584 per
2619 501 2924 584 singulos

501 605 715 646 annos
761 597 903 649 tota
935 587 1056 648 hec
1090 587 1230 648 dies
1274 586 1696 669 expendatur
1742 588 1806 649 in
1842 588 2127 665 laudem,
2157 598 2226 651 et
2271 609 2422 651 cum
2455 590 2702 670 gaudio
2747 590 2925 651 cele-

502 671 744 747 bretur,
777 693 858 736 ne
891 673 1058 735 sorte
1089 674 1143 735 si
1180 675 1434 736 venerit
1464 676 1699 737 vestris
1732 676 1795 735 in
1833 676 2138 738 manibus
2170 674 2331 738 illud
2364 676 2795 758 apocriphum
2835 677 2925 737 de

502 761 781 825 transitu
829 759 1124 822 eiusdem
1160 761 1447 841 virginiS,
1479 762 1685 823 dubia
1734 781 1853 842 pro
1884 767 2079 826 certis
2128 764 2476 844 recipiatiS,
2510 763 2687 844 quod
2724 763 2924 825 multi

502 846 859 909 latinorum
910 848 1176 929 pietatis
1223 868 1446 910 amore
1491 849 1714 910 studio
1775 848 2056 931 legendi,
2101 851 2362 912 charius
2408 850 2927 932 amplectuntur,

503 934 847 1016 presertim
897 954 1047 996 cum
1096 955 1183 998 ex
1216 934 1319 996 his
1366 935 1525 997 nihil
1573 935 1753 997 aliud
1788 937 2073 1017 experiri
2123 947 2344 1019 potest
2391 958 2511 1019 pro
2558 950 2757 1011 cerm,
2793 937 2922 998 nisi

502 1023 682 1102 quod
716 1020 1035 1085 hodierna
1068 1022 1177 1084 die
1207 1021 1494 1102 gloriosa
1527 1023 1839 1103 migrauit
1872 1044 1912 1085 a
1944 1043 2233 1105 corpore.

1062 1164 1128 1234 ΙΙ
1174 1159 1304 1221 Die
1334 1175 1387 1222 ,2
1404 1176 1450 1222 1.
1482 1159 1560 1220 de
1589 1169 1815 1221 octana
1844 1158 2345 1241 assumptionis.1

1230 1273 1323 1354 izj.
1355 1272 1530 1334 lectio
1559 1293 1639 1334 ex
1664 1273 1873 1334 eodem
1903 1294 2203 1336 sermone.

516 1383 1041 1513 MOnstratur
1084 1394 1306 1447 autem
1356 1383 1774 1466 sepulchrum
1824 1387 1964 1447 eius
2009 1384 2430 1447 cernentibus
2476 1385 2669 1447 nobis
2709 1405 2926 1465 vsque

709 1471 795 1534 ad
858 1492 1125 1554 presens
1177 1474 1243 1533 in
1289 1472 1478 1533 vallis
1529 1471 1847 1553 Iosaphat
1894 1474 2133 1547 medi0,
2164 1492 2293 1553 que
2338 1472 2530 1534 vallis
2584 1484 2685 1535 est
2750 1473 2928 1534 inter

503 1569 799 1621 montem
857 1561 1040 1634 Sion,
1081 1569 1148 1621 et
1195 1569 1494 1621 montem
1544 1557 1772 1622 oliueti
1821 1561 2072 1642 posita:
2133 1579 2333 1640 quam
2382 1570 2449 1622 et
2496 1569 2569 1621 tu
2611 1559 2671 1622 O
2710 1559 2924 1621 Paula

500 1647 710 1708 oculis
763 1647 1101 1728 aspexisti.
1193 1645 1327 1708 Vbi
1376 1647 1440 1707 in
1489 1648 1629 1707 eius
1676 1646 1927 1708 honore
1958 1646 2277 1709 fabricata
2307 1655 2409 1708 est
2440 1646 2717 1709 ecclesia
2750 1648 2927 1708 miro

503 1733 768 1816 lapideo
844 1732 1165 1806 tabulatu,
1220 1735 1283 1795 in
1347 1753 1480 1813 qua
1541 1732 1799 1815 sepulta
1863 1733 2078 1807 fuisse,
2132 1743 2202 1796 vt
2263 1735 2426 1795 scire
2488 1734 2767 1815 potestis
2832 1733 2929 1795 ab

503 1819 813 1883 omnibus
855 1819 1100 1882 ibidem
1135 1819 1606 1894 habitantibuS,
1640 1819 2050 1901 predicatur:
2098 1821 2213 1882 sed
2248 1841 2423 1883 nunc
2456 1841 2738 1882 vacuum
2772 1841 2927 1882 esse

505 1906 915 1969 mausoleum
969 1907 1387 1969 cernentibus
1436 1907 1826 1970 ostenditur.
1923 1907 2069 1970 Hec
2125 1908 2368 1969 idcirco
2422 1908 2708 1969 dixerim
2757 1910 2926 1987 quia

504 1993 694 2057 multi
758 2005 1128 2056 nostrorum
1193 1993 1521 2069 dubitant,
1565 2005 1784 2057 vtrum
1848 2005 2193 2077 assumpta
2254 1995 2447 2057 suerit
2507 1994 2700 2056 simul
2764 2014 2924 2056 cum

500 2101 773 2164 corpore
825 2102 911 2143 an
966 2079 1228 2143 obierit2
1277 2081 1504 2143 relicto
1557 2101 1847 2162 corpore.
1939 2081 2300 2163 Quomodo
2352 2092 2574 2145 autem
2626 2081 2725 2143 vel
2782 2101 2929 2161 quo

500 2167 845 2251 tempore,3
903 2189 943 2230 a
1017 2168 1257 2249 quibus
1332 2169 1628 2250 personis
1704 2169 2190 2231 sanctissimum
2261 2189 2499 2250 corpus
2558 2170 2700 2230 eius
2763 2169 2928 2230 inde

500 2254 798 2317 ablatum
900 2255 1112 2326 suerit,
1189 2254 1289 2316 vel
1367 2254 1475 2316 vbi
1571 2257 2066 2337 transpositum,
2141 2266 2446 2318 vtrumue
2532 2256 2931 2319 resurrexit*

500 2344 807 2419 nescitur,
837 2343 1144 2423 quamuis
1191 2341 1486 2404 nonnulli
1531 2352 1822 2405 astruere
1852 2341 2058 2405 velint
2091 2362 2239 2404 eam
2277 2344 2404 2404 iam
2442 2345 2928 2417 resuscitatam,

502 2439 568 2491 et
616 2430 813 2493 beata
857 2450 1008 2491 cum
1059 2428 1322 2492 Christo
1366 2428 1869 2491 immortalitate
1902 2431 1967 2491 in
2000 2429 2349 2492 celestibus
2381 2431 2621 2493 vestiri.
2713 2428 2926 2511 Quod

503 2525 571 2578 et
645 2515 728 2578 de
798 2515 998 2579 beato
1063 2517 1316 2578 Ioanne
1375 2516 1788 2596 euangelista
1847 2517 1988 2578 eius
2051 2518 2352 2578 ministro
2413 2518 2514 2578 cui
2580 2517 2814 2596 virgini
2887 2538 2929 2578 a

505 2603 771 2668 Christo
845 2605 1032 2686 virgo
1126 2604 1482 2666 commissa
1569 2616 1689 2679 est,
1766 2602 2029 2685 plurimi
2116 2614 2517 2678 asseuerant,
2593 2605 2748 2686 quia
2852 2605 2924 2666 in

503 2690 852 2773 sepulchro
914 2694 1052 2754 eius
1099 2692 1200 2772 (vt
1247 2690 1478 2771 fertur)
1524 2710 1654 2752 non
1721 2693 1844 2752 nisi
1902 2711 2150 2753 manna
2203 2693 2552 2765 inuenitur,
2607 2691 2786 2773 quod
2852 2703 2929 2754 et

502 2781 818 2842 scaturire
878 2780 1180 2841 cernitur.
1271 2778 1731 2839 Veruntamen
1795 2779 1954 2859 quid
2016 2778 2251 2840 horum
2299 2780 2514 2841 verius
2569 2789 2931 2841 censeatur

503 2866 922 2947 ambigimus.
1015 2866 1257 2927 Melius
1304 2863 1553 2928 tamen5
1599 2864 1727 2927 deo
1775 2876 1986 2927 totum
2036 2866 2140 2927 cui
2182 2864 2342 2927 nihil
2377 2865 2785 2948 impossibile
2816 2877 2930 2928 est

503 2954 1003 3028 committimuS,
1044 2973 1244 3033 quam
1297 2950 1545 3032 aliquid
1601 2960 1850 3013 temere
1902 2951 2187 3013 diffinire
2230 2954 2513 3014 velimus
2560 2954 2930 3015 autoritate

503 3052 729 3102 nostra
777 3041 958 3120 quod
1013 3060 1145 3101 non
1199 3038 1574 3122 probamus,
1667 3038 1853 3102 Sicut
1903 3050 1969 3101 et
2022 3042 2105 3102 de
2154 3040 2253 3100 his
2301 3040 2412 3120 qui
2456 3060 2606 3102 cum
2641 3040 2928 3102 domino

501 3127 701 3207 (teste
733 3126 1112 3208 euangelio)
1143 3128 1504 3188 surrexisse
1538 3124 1910 3188 credimuS.⁰

592 3213 807 3275 Hodie
884 3215 953 3275 in
1036 3213 1313 3294 vesperis
1392 3212 1638 3274 dicitnr
1710 3213 2064 3294 antiphona
2123 3214 2463 3294 assignata
2521 3214 2618 3275 ad
2656 3213 2931 3294 primas

499 3312 808 3381 vesperas.

849 3435 916 3504 (Ι
962 3428 1092 3490 Die
1122 3426 1266 3492 .22.7
1297 3438 1522 3489 octaua
1553 3428 2017 3508 assumptionis
2047 3428 2282 3509 duplex
2310 3427 2571 3492 minusfi‘

1218 3532 1310 3612 iij.
1343 3531 1521 3593 lectio
1551 3552 1630 3592 ex
1656 3532 1865 3592 codem
1897 3552 2196 3595 sermone.

510 3644 717 3776 SEd
763 3656 981 3707 Vtrum
1040 3644 1352 3706 redierint
1402 3646 1465 3705 in
1519 3653 1687 3705 terre
1738 3643 2098 3724 puluerem,
2147 3664 2230 3704 an
2288 3663 2440 3717 non,
2480 3652 2733 3706 certum
2786 3666 2925 3707 non

636 3733 975 3806 habemus,
1008 3732 1130 3793 nisi
1178 3732 1354 3812 quod
1402 3729 1685 3812 legimus
1730 3730 1907 3811 quod
1959 3730 2169 3792 multa
2214 3751 2491 3812 corpora
2537 3744 2924 3795 sanctorum

508 3822 619 3900 qui
667 3820 1074 3881 dormierant
1123 3827 1571 3893 surrexerunt,
1602 3838 1678 3879 ac
1726 3827 2049 3880 venerunt
2096 3818 2162 3877 in
2211 3827 2510 3879 sanctam
2558 3819 2931 3896 ciuitatem,

507 3908 755 3970 scilicet
809 3906 1250 3982 Hierusalem,
1282 3917 1348 3966 et
1391 3915 1841 3986 apparuerunt
1875 3903 2116 3967 multis,
2211 3904 2313 3965 Dc
2358 3904 2598 3986 quibus
2626 3906 2930 3987 profecto

508 3995 808 4056 nonnulli
842 3995 1187 4056 doctorum
1226 4002 1574 4053 senserunt
1606 3992 1808 4053 etiam
1843 4002 1910 4052 et
1946 3992 2008 4053 in
2044 3991 2178 4052 suis
2211 3991 2613 4072 reliquerunt
2645 3994 2931 4075 scriptis,

506 4082 684 4163 quod
740 4082 940 4144 etiam
993 4082 1057 4141 in
1107 4080 1231 4141 illis
1267 4089 1587 4161 perpetua
1620 4077 1955 4160 completa
1985 4080 2069 4141 sit
2103 4079 2505 4142 resurrectio
2598 4079 2932 4144 Fatentur

596 4218 613 4248 ¹
649 4218 743 4267 die.
777 4232 852 4266 21.
883 4219 941 4265 in
967 4234 1030 4265 m.
1103 4234 1194 4266 om.
1226 4216 1304 4280 38.
1804 4212 1827 4243 2
1860 4214 2068 4263 abierit:
2105 4228 2183 4277 43.
2214 4215 2290 4278 63.

594 4282 615 4311 ¹³
648 4294 765 4333 aut:
802 4285 911 4331 add.
944 4295 1020 4345 39.
1052 4292 1145 4331 etz.
1808 4279 1828 4308 ⁴
1865 4280 2216 4329 resurrexerit:
2253 4294 2330 4341 41.
2361 4291 2453 4329 etc.

595 4347 615 4378 ⁵
650 4351 849 4413 itaque:
889 4361 964 4411 39.
995 4361 1074 4408 41.
1805 4342 1827 4373 ⁶
1863 4346 2164 4394 creduntur:
2201 4359 2279 4409 43.
2310 4359 2386 4407 49.

592 4413 613 4445 ⁷
647 4417 738 4463 de:
770 4415 881 4462 add.
913 4412 989 4475 38.
1804 4408 1825 4438 ⁸
1859 4410 1942 4459 die
1967 4424 2029 4458 22
2055 4413 2111 4459 in
2137 4428 2201 4460 m.
2274 4428 2367 4460 om.
2398 4409 2476 4473 38.
