3293 5225
540 447 636 496 160
986 445 1214 494 FERIA
1266 447 1318 494 V.
1359 445 1800 494 DOMJNJCAE
1847 446 1930 494 Vl.
1979 446 2166 495 POST
2189 448 2497 498 PASCHA.

536 599 934 663 claruerunt.
1070 598 1371 663 Christus
1431 599 1498 660 in
1561 598 1741 679 ligno
1818 599 2169 681 pependit:
2246 601 2563 666 insultent
2641 604 2950 670 furenteS.

546 686 847 752 Christus
880 686 945 749 in
979 686 1328 769 sepulchro
1364 688 1771 749 mentiantur
1801 686 2128 751 custodes,
2220 687 2520 752 Christus
2570 691 2632 752 in
2676 691 2949 767 infern0,

539 774 892 836 visitentur
923 774 1353 856 quiescentes
1447 771 1750 837 Christus
1801 774 1864 835 in
1918 773 2080 848 celO,
2120 776 2396 838 credant
2428 796 2661 839 omnes
2695 789 2946 860 gentes,

545 862 700 943 Ipse
751 881 910 942 ergo
960 860 1159 923 debet
1207 880 1352 922 esse
1401 868 1633 922 auctor
1687 862 1892 923 nostri
1944 862 2310 924 sermonis:
2357 864 2468 944 qui
2525 875 2626 927 est
2676 865 2950 947 largitor

543 957 764 1011 nostre
815 948 1062 1010 salutis
1156 947 1309 1009 Non
1366 948 1449 1009 de
1503 947 1635 1009 alio
1668 947 1891 1028 aliquo
1923 947 2256 1029 loquimur
2287 950 2513 1012 vobis:
2562 953 2685 1013 nisi
2720 952 2804 1014 de
2837 952 2950 1015 illo

537 1037 745 1117 quod¹
827 1034 1030 1097 modo
1105 1054 1193 1096 ex
1270 1033 1621 1116 euangelio
1699 1033 2093 1116 loquebatur
2167 1036 2477 1100 omnibus
2555 1039 2760 1102 nobiS.
2859 1040 2949 1103 Et

542 1143 932 1185 ascensurus
982 1121 1067 1184 ad
1121 1131 1376 1202 patrem
1411 1121 1675 1184 dicebat
1707 1122 2048 1203 discipulis
2081 1123 2231 1185 suis,
2328 1124 2475 1187 Hec
2508 1125 2767 1188 locutus
2798 1146 2947 1189 sum

538 1210 771 1272 vobis:
819 1230 968 1272 cum
1017 1208 1235 1271 adhuc
1281 1228 1492 1270 essem
1527 1208 1890 1272 vobiscum.
1983 1209 2362 1273 Paracletus
2409 1223 2632 1274 autem
2680 1214 2950 1295 spiritus

536 1297 836 1359 veritatis
883 1315 1082 1377 quem
1144 1295 1368 1357 mittet
1431 1304 1620 1376 pater
1681 1296 1747 1357 in
1811 1295 2081 1358 nomine
2143 1317 2309 1370 meo,
2364 1297 2470 1360 ille
2516 1320 2633 1360 vos
2681 1301 2950 1364 docebit

538 1385 809 1447 omnia:
856 1392 924 1445 et
968 1382 1423 1445 commonebit
1472 1402 1589 1444 vos
1639 1384 1867 1445 omnia
1901 1403 2030 1465 que
2062 1382 2223 1448 dixi.
2317 1385 2469 1447 Non
2504 1386 2806 1449 turbetur
2836 1408 2949 1450 cor

542 1479 832 1534 vestrum
868 1490 1083 1551 neque
1116 1468 1443 1532 formidet.
1537 1470 1844 1531 Audistis
1876 1471 2031 1551 quia
2077 1490 2206 1552 ego
2239 1472 2382 1533 dixi
2415 1472 2623 1548 vobiS,
2654 1476 2828 1537 vado
2861 1475 2945 1536 ad

538 1567 798 1641 patrem
835 1577 1075 1632 meum,
1110 1558 1264 1637 quia
1299 1566 1487 1638 pater
1521 1557 1730 1618 maior
1763 1576 1869 1618 me
1900 1566 2018 1619 est.

1144 1747 1210 1816 ΙΙ
1243 1740 1441 1803 Feria
1472 1763 1547 1806 .v.
1578 1761 1657 1803 ex
1690 1740 1962 1807 Genes2.‘-’
2037 1741 2248 1805 Lectio
2280 1743 2338 1807 .i.

545 1872 747 2001 AT
810 1872 900 1934 illi
964 1880 1303 1954 portantes
1365 1870 1699 1934 frumenta
1762 1872 1825 1933 in
1890 1871 2093 1933 asinis
2153 1872 2289 1934 suis
2350 1872 2624 1955 profecti
2679 1884 2832 1937 sunt

716 1959 1058 2022 deducetis
1089 1978 1292 2021 canos
1327 1978 1510 2020 meos
1543 1978 1693 2021 cum
1729 1958 1957 2020 dolore
1990 1958 2073 2020 ad
2108 1958 2366 2023 inferos,

739 2121 805 2190 (1
852 2115 955 2176 Ex
989 2113 1282 2195 Epistola
1300 2113 1528 2193 prima
1559 2113 1771 2175 Pauli
1794 2114 1891 2175 ad
1919 2113 1976 2178 C
1970 2111 2326 2178 orz'nthzbs.⁸
2417 2114 2628 2178 Lectio
2660 2115 2744 2197 ,ip

535 2243 673 2375 SI
741 2253 961 2306 autem
1010 2243 1311 2307 Christus
1360 2242 1737 2324 predicatur
1782 2243 1961 2322 quod
2019 2243 2377 2306 resurrexit
2438 2264 2477 2305 a
2521 2246 2815 2307 -mortuis

671 2330 1121 2412 Corrumpunt
1153 2349 1370 2392 mores
1401 2329 1612 2391 bonos
1646 2327 1979 2409 colloquia
2012 2329 2202 2393 mala.

883 2498 949 2567 (1
1008 2491 1229 2553 Tertia
1258 2490 1433 2553 lectio
1462 2511 1669 2551 sermo
1698 2490 1915 2551 sancti
1940 2490 2310 2572 Augustini
2337 2492 2612 2573 episcopi.

536 2622 881 2752 OMnia
935 2620 1302 2683 charissimi
1353 2640 1482 2701 que
1532 2621 1844 2682 dominus
1884 2619 2067 2681 Iesus
2099 2619 2402 2683 Christus
2437 2621 2501 2683 in
2535 2621 2659 2683 hoc
2692 2621 2944 2684 mundo

717 2709 841 2772 sub
873 2707 1226 2789 fragilitate
1257 2716 1481 2769 nostra
1516 2706 1833 2768 miracula
1864 2707 2091 2783 edidit,
2126 2706 2314 2769 nobis
2348 2707 2715 2789 proficiunt.
2809 2708 2941 2790 Qui

539 2797 700 2859 dum
777 2796 1139 2858 humanam
1230 2794 1682 2856 conditionem
1773 2793 2119 2874 syderibus
2211 2794 2636 2876 importauit:
2727 2795 2941 2858 celum

533 2882 962 2946 credentibus
1016 2891 1243 2963 patere
1294 2901 1487 2963 posse
1535 2882 1949 2942 monstrauit.
2045 2881 2132 2942 Et
2166 2881 2327 2943 dum
2359 2882 2675 2944 victorem
2714 2883 2943 2945 mortis

541 2972 607 3032 in
664 2970 934 3033 celestia
994 2968 1282 3031 eleuauit
1342 2968 1660 3029 victorem
1722 2968 2020 3029 eiusdem
2085 2969 2315 3030 mortis
2378 2989 2513 3050 quo
2588 2989 2946 3051 sequamur

536 3056 846 3120 ostendit.
940 3056 1266 3118 Ascensio
1297 3075 1456 3137 ergo
1492 3053 1766 3116 Domini
1799 3054 2123 3117 catholice
2157 3053 2308 3116 fidei
2355 3054 2771 3119 confirmatio
2802 3055 2944 3132 fuit,

539 3153 609 3206 vt
658 3145 868 3206 securi
926 3144 990 3204 in
1036 3153 1375 3223 posterum
1431 3142 1847 3203 crederemus
1905 3140 2200 3204 miraculi
2249 3141 2421 3204 illius
2457 3142 2726 3218 donum,
2758 3145 2942 3206 cuius

539 3232 671 3293 iam
707 3232 771 3293 in
808 3231 1097 3312 presenti
1132 3228 1655 3311 percepissemus
1686 3226 2016 3292 effectum.
2113 3228 2201 3290 Et
2233 3227 2445 3292 fidelis
2479 3231 2757 3310 quisque
2791 3250 2942 3292 cum

536 3319 672 3380 iam
737 3327 926 3380 tanta
988 3316 1372 3397 perceperit,
1435 3335 1552 3397 per
1612 3335 1690 3377 ea
1750 3334 1880 3396 que
1955 3315 2260 3395 agnoscit
2336 3318 2652 3397 prestita:
2732 3318 2942 3380 discat

535 3424 802 3487 sperare
836 3404 1177 3486 promissa,
1198 3422 1275 3465 ac
1313 3402 1437 3463 Dei
1472 3402 1569 3464 sui
1595 3403 1975 3483 preteritam
2004 3406 2534 3484 persentemque⁴
2554 3403 2942 3479 bonitatem,

538 3492 726 3573 quasi
791 3491 1158 3553 futurorum
1221 3499 1447 3552 teneat
1508 3489 1900 3551 cautionem.
1996 3488 2211 3571 Super
2271 3490 2538 3552 excelsa
2599 3510 2757 3572 ergo
2818 3490 2939 3552 celi

538 3587 871 3641 terrenum
920 3597 1157 3659 corpus
1204 3576 1583 3658 imponitur,
1614 3596 1767 3637 ossa
1801 3576 1973 3638 intra
2005 3576 2332 3657 sepulchri
2367 3579 2708 3659 angustias
2743 3578 2940 3656 paulo

533 3677 693 3728 ante
770 3665 1120 3727 conclusa:
1198 3663 1586 3745 angelorum
1669 3664 1926 3725 cetibus
2003 3662 2386 3728 inferuntur.
2513 3664 2588 3726 In
2665 3665 2941 3747 gremio⁵

540 3752 1057 3815 immortalitatis
1121 3750 1433 3836 mortalisv
1479 3759 1713 3812 natura
1775 3749 2269 3819 transfunditur.
2393 3751 2482 3814 Et
2544 3752 2696 3814 ideo
2757 3772 2941 3814 sacra

533 3840 900 3921 apostolice
951 3837 1254 3901 lectionis
1301 3846 1583 3899 testatur
1619 3836 1904 3899 historia.
1998 3837 2168 3901 Cum
2203 3838 2324 3900 hec
2359 3838 2637 3901 dixisset
2668 3837 2940 3919 (inquit)

537 3926 918 3989 videntibus
980 3925 1104 3987 illis
1164 3924 1463 3986 eleuatus
1522 3932 1640 3985 est.
1759 3924 1929 3987 Cum
1992 3924 2182 3986 audis
2242 3924 2593 4003 eleuatum,
2653 3945 2940 4007 agnosce

539 4014 772 4076 militie
819 4013 1078 4075 celestis
1124 4012 1535 4091 obsequium.
1626 4010 1827 4072 Vnde
1882 4011 2201 4073 hodierna
2264 4011 2590 4075 festiuitas
2653 4012 2939 4075 hominis

539 4100 730 4163 nobis
821 4111 887 4162 et
976 4100 1081 4162 dei
1174 4108 1589 4160 sacramenta
1668 4097 2086 4161 manifestat:
2165 4099 2289 4161 sub
2364 4119 2494 4162 vna
2570 4098 2939 4181 eademque

537 4208 835 4269 persona.
934 4187 1007 4249 In
1048 4207 1128 4248 eo
1161 4186 1272 4266 qui
1307 4184 1523 4247 eleuat
1556 4185 1854 4247 diuinam
1891 4186 2256 4267 potentiam
2291 4209 2302 4246 :
2352 4186 2415 4247 in
2451 4206 2531 4248 eo
2564 4195 2788 4251 autem
2824 4187 2936 4268 qui

528 4275 849 4350 eleuatur,
881 4273 1243 4336 humanam
1277 4292 1562 4353 agnosce
1609 4272 2069 4336 substantiam.

633 4461 653 4555 ζ
687 4461 806 4527 qui:
844 4473 923 4523 43.
952 4474 1030 4519 44.
1060 4471 1138 4519 49.
1169 4457 1249 4506 60.
1279 4456 1358 4506 61.
1388 4456 1466 4519 63.
1497 4456 1573 4515 64.
1605 4455 1685 4504 66.
2364 4520 2377 4543 ι
2397 4456 2419 4486 ‘¹²
2452 4455 2810 4533 [xlii.·2e-38.]

687 4527 788 4587 [xv.
825 4526 1024 4588 12-33.]
1416 4523 1436 4550 ‘²
1471 4532 1898 4586 praesentemque:
1935 4520 2011 4583 38.
2043 4530 2136 4570 etc.
2364 4521 2407 4587 ,⁵
2439 4539 2718 4587 gremium:
2755 4522 2833 4571 60.
2854 4521 2933 4570 61.
