3293 5225
827 483 1170 532 SABBATO
1201 483 1643 533 DOMINICAE
1675 484 1785 532 DE
1817 483 2197 532 PASSIONE.
2625 495 2714 544 123

927 686 1146 748 Tertia
1177 687 1351 748 lectio
1380 688 1725 749 secundum
1756 684 2106 749 loannem}

323 790 454 916 IN
491 790 604 852 illo
657 800 972 871 tempore.
1027 790 1452 891 Collegerunt
1496 790 1841 891 pontifices
1894 802 1960 889 et
2019 790 2308 889 Pharisei
2362 788 2711 888 concilium

434 879 750 940 aduersus
780 878 1018 953 Iesum,
1049 891 1115 940 et
1169 879 1499 941 dicebant.
1591 877 1772 960 Quid
1827 877 2304 958 facimu5,quia
2353 876 2459 938 hic
2513 875 2715 938 homo

315 964 523 1026 multa
555 965 744 1046 signa
777 964 977 1026 facit?
1071 965 1158 1027 Et
1187 965 1455 1046 reliqua.

935 1102 1017 1163 H
1013 1103 1237 1164 omilin
1266 1124 1313 1165 s,
1347 1103 1720 1184 Augustini
1760 1102 2068 1184 Episcopi.

433 1204 757 1268 Ontifices
818 1216 885 1268 et
931 1206 1221 1268 Pharisei
1277 1206 1397 1268 sibi
1450 1206 1905 1282 consulebant,
1956 1227 2074 1268 nec
2127 1216 2353 1268 tamen
2402 1204 2717 1267 dicebant

474 1293 834 1355 credamus,
932 1293 1084 1354 Plus
1117 1294 1293 1355 enim
1322 1292 1553 1375 perfidi
1587 1294 1891 1355 homines
1938 1292 2322 1375 cogitabant
2376 1292 2717 1374 quomodo

311 1389 625 1441 nocerent
656 1389 725 1441 vt
758 1380 1126 1462 perderent,
1159 1400 1360 1461 quam
1394 1381 1736 1461 quomodo
1769 1381 1889 1442 sibi
1946 1379 2363 1442 consulerent
2417 1399 2500 1441 ne
2549 1379 2714 1459 peri-

310 1477 469 1528 rent.
581 1467 671 1528 Et
731 1476 954 1528 tamen
1021 1467 1349 1529 timebant
1408 1478 1473 1530 et
1535 1468 1722 1548 quasi
1800 1466 2249 1529 consulebant.
2384 1466 2715 1528 Dicebant

307 1553 529 1615 enim:
597 1553 776 1634 Quid
842 1553 1134 1628 facimuS,
1193 1556 1348 1634 quia
1407 1554 1511 1616 hic
1574 1554 1776 1616 homo
1831 1554 2035 1617 multa
2093 1554 2282 1634 signa
2332 1553 2533 1615 facit?
2643 1552 2714 1615 Si

309 1641 706 1702 dimittimus
736 1660 888 1702 eum
921 1642 1031 1715 sic,
1062 1661 1293 1703 omnes
1324 1645 1595 1703 credent
1629 1643 1693 1703 in
1727 1661 1900 1715 eum,
1931 1652 1997 1703 et
2029 1642 2296 1703 venient
2329 1640 2615 1702 Romani
2648 1650 2715 1701 et

306 1725 544 1789 tollent
578 1726 794 1790 locum
828 1739 1126 1790 nostrum
1182 1739 1249 1790 et
1298 1739 1583 1810 gentem.
1676 1727 2101 1809 Temporalia
2125 1728 2392 1808 quidem
2442 1726 2715 1809 perdere

309 1815 690 1889 timuerunt,
726 1825 791 1876 et
824 1816 1027 1877 vitam
1061 1825 1359 1877 eternam
1394 1835 1525 1876 non
1560 1816 2062 1897 cogitauerunt:
2128 1836 2204 1876 ac
2238 1816 2328 1876 sic
2361 1824 2715 1893 Vtrumque

306 1903 685 1962 amiserunt.
782 1901 956 1963 Nam
989 1913 1055 1963 et
1091 1901 1378 1964 Romani
1412 1911 1561 1983 post
1610 1903 1860 1964 domini
1891 1903 2263 1984 passionem
2291 1910 2357 1963 et
2396 1898 2718 1981 glorifica-

309 1988 557 2050 tionem
593 1988 884 2050 tulerunt
921 1990 1015 2050 eis
1048 1986 1262 2051 locum
1298 2003 1363 2050 et
1388 1998 1657 2070 gentem
1679 1990 2136 2070 expugnando
2159 1999 2226 2050 et
2246 1987 2717 2051 transferendo

312 2074 403 2137 Et
423 2075 579 2137 illud
601 2095 714 2137 eos
736 2076 1030 2156 sequitur
1050 2077 1227 2156 quod
1251 2075 1404 2136 alibi
1425 2077 1677 2138 dictum
1702 2086 1820 2138 est.
1901 2074 2048 2155 Filij
2073 2085 2294 2137 autem
2319 2075 2501 2157 regni
2529 2073 2717 2136 ibunt

315 2163 378 2223 in
432 2162 737 2224 tenebras
789 2164 1165 2224 exteriores.
1266 2163 1416 2224 Hoc
1465 2174 1688 2225 autem
1741 2164 2119 2236 timuerunt,
2168 2183 2250 2224 ne
2301 2162 2352 2223 si
2386 2181 2617 2223 omnes
2651 2162 2714 2222 in

315 2248 654 2312 Christum
716 2251 1075 2322 crederent,
1139 2269 1334 2311 nemo
1382 2262 1750 2313 remaneret
1811 2250 1922 2330 qui
1991 2251 2310 2312 aduersus
2376 2247 2719 2310 Romanos

314 2337 652 2398 ciuitatem
691 2336 817 2398 Dei
869 2336 1327 2417 templumque
1377 2336 1800 2399 defenderet:
1848 2337 2163 2418 quoniam
2215 2346 2446 2398 contra
2497 2335 2712 2416 ipsum

311 2422 655 2504 templum,
684 2434 753 2485 et
783 2433 1013 2485 contra
1044 2444 1198 2485 suas
1231 2434 1540 2505 paternas
1588 2423 1805 2504 leges:
1853 2425 2221 2486 doctrinam
2280 2423 2522 2486 Christi
2571 2443 2716 2484 esse

315 2508 706 2573 sentiebant.
799 2510 993 2572 Vnus
1026 2522 1245 2573 autem
1283 2532 1370 2572 ex
1426 2512 1583 2592 ipsis
1636 2510 1927 2593 Caiphas
1983 2512 2287 2572 nomine:
2335 2530 2486 2571 cum
2542 2521 2716 2571 esset

312 2596 618 2678 pontifex
681 2598 835 2660 anni
915 2597 1085 2660 illius
1159 2598 1333 2661 dixit
1410 2598 1536 2660 illis
1612 2598 1756 2660 Vos
1825 2599 2089 2661 nescitis
2154 2598 2508 2679 quicquam
2598 2618 2717 2659 nec

312 2685 622 2765 cogitatis
651 2709 663 2747 ε
710 2686 866 2766 quia
896 2685 1175 2768 expedit
1208 2685 1396 2748 vobis
1427 2697 1496 2748 vt
1528 2706 1699 2747 vnus
1733 2687 2050 2748 moriatur
2081 2686 2284 2747 homo
2316 2706 2435 2766 pro
2469 2684 2719 2770 populo

308 2781 378 2833 et
410 2791 541 2833 non
577 2782 719 2834 tota
751 2793 915 2854 gens
948 2783 1186 2852 pereat.
1284 2773 1433 2834 Hoc
1465 2783 1690 2834 autem
1746 2794 1784 2834 a
1838 2774 2055 2853 seipso
2109 2792 2241 2833 non
2293 2773 2486 2833 dixit.
2582 2771 2716 2834 Sed

312 2878 461 2920 cum
523 2870 699 2921 esset
760 2859 1060 2941 pontifex
1124 2860 1279 2921 anni
1344 2859 1533 2933 illius,
1596 2859 2039 2941 prophetauit.
2164 2859 2340 2920 Hoc²
2401 2857 2718 2920 docemur

312 2946 512 3007 etiam
546 2946 849 3008 homines
884 2945 1095 3008 malos
1128 2946 1472 3027 prophetie
1515 2948 1747 3027 spiritu
1805 2946 2022 3007 futura
2072 2947 2421 3027 predicere.
2515 2943 2715 3026 Quod

312 3042 536 3095 tamen
561 3033 974 3112 euangelista
1004 3034 1233 3095 diuino
1267 3032 1495 3096 tribuit
1527 3031 1987 3108 sacramentO,3
2019 3034 2175 3113 quia
2222 3032 2526 3114 pontifex
2579 3031 2720 3107 fuit,

312 3120 378 3181 id
409 3129 511 3182 est
542 3139 842 3182 summus
874 3120 1227 3182 sacerdos,4

1402 3257 1644 3321 Oratio,
2595 3292 2626 3339 6

318 3358 738 3490 COrdibus
787 3362 1026 3423 nostris
1086 3380 1447 3441 quesumus
1500 3361 1772 3422 domine
1819 3361 2101 3442 gratiam
2159 3370 2341 3421 tuam
2398 3359 2722 3440 benignus

487 3446 776 3523 infunde,
808 3458 878 3509 vt
911 3459 1183 3529 peccata
1216 3458 1442 3510 nostra
1474 3449 1914 3530 castigatione
1945 3446 2316 3509 voluntaria
2337 3446 2722 3508 cohibentes

315 3534 768 3616 temporaliter
836 3536 1057 3615 potius
1135 3554 1580 3597 maceremur:
1660 3555 1861 3616 quam
1924 3533 2267 3615 supplicijs
2327 3535 2724 3615 deputemur

308 3622 594 3683 eternis:
643 3641 775 3703 per.

978 3707 1193 3771 Hodie
1221 3708 1532 3770 dicuntur
1556 3718 1785 3789 septem
1804 3708 2068 3789 psalmi.

859 3851 925 3919 {I
976 3845 1257 3908 Sabbato
1287 3867 1365 3908 ex
1391 3847 1458 3909 Z
1458 3846 1767 3909 achario-³
1857 3846 2068 3908 Lectio
2096 3847 2156 3926 j.

321 3948 661 4077 EXulta
690 3951 849 4011 satis
882 3948 1015 4012 filia
1049 3950 1209 4013 Sion
1357 3961 1424 4013 et
1455 3952 1682 4014 vinum
1714 3952 2095 4032 germinans
2125 3950 2463 4030 virgines?

873 4171 939 4239 (Ι
991 4164 1356 4227 Secundum
1390 4165 1479 4226 M
1474 4164 1744 4227 arcutn.⁰
1829 4164 2042 4226 Lectio
2073 4164 2157 4245 ᾔ.

325 4267 513 4396 ET
588 4268 861 4330 veniunt
922 4269 987 4329 in
1066 4268 1365 4349 predium
1444 4268 1548 4330 cui
1611 4287 1855 4329 nomen
1905 4263 2401 4349 Gethsemani.†
2492 4266 2582 4328 Et
2629 4266 2722 4328 ait

497 4354 834 4435 discipulis
866 4355 999 4416 suis
1148 4355 1427 4417 ministri
1460 4355 1673 4437 alapis
1702 4373 1855 4416 eum
1889 4353 2230 4416 cedebant.

408 4470 422 4501 ¹
461 4471 548 4522 Ca.
586 4485 657 4522 11.
689 4474 746 4521 in
770 4490 834 4521 m.
1251 4470 1274 4501 2
1308 4472 1442 4522 Hic:
1479 4472 1558 4522 60.
1588 4473 1667 4521 61.
2142 4469 2163 4500 ³
2196 4481 2535 4521 sacramenta:
2571 4468 2649 4519 66.

408 4535 429 4566 ⁴
463 4538 716 4587 Miserere.
749 4549 824 4602 50.
854 4540 965 4586 add.
995 4537 1074 4604 ⁶3·
1248 4536 1268 4567 ³
1302 4538 1425 4602 Cap.
1456 4552 1488 4600 9
1514 4540 1570 4586 iu
1597 4556 1661 4587 m.
1692 4538 1777 4598 [ix.
1807 4538 1982 4599 9-17.]
2144 4534 2166 4567 ⁶
2200 4537 2318 4597 [xiv.
2348 4535 2554 4600 32-65.]
