3293 5225
583 378 683 444 396
1621 385 1959 441 LJTANJA.

721 533 967 599 Sancte
1004 536 1289 601 Ioannes
2921 567 3060 612 ora.

720 620 967 686 Sancte
1002 623 1245 687 Iacobe
2921 655 3061 698 ora.

722 707 968 773 Sancte
1004 710 1309 794 Philippe
2925 742 3064 787 ora.

720 794 969 860 Sancte
1012 796 1279 861 Thoma
2927 830 3063 872 ora.

723 881 969 946 Sancte
1003 884 1494 950 Bartholomee¹
2930 917 3068 960 ora.

720 968 967 1034 Sancte
1002 971 1303 1036 Matthee
2930 1004 3069 1047 ora.

721 1054 967 1120 Sancte
1001 1057 1234 1123 Simon
2934 1091 3073 1135 ora.

719 1141 966 1208 Sancte
998 1145 1322 1210 Thaddee
2935 1179 3074 1222 ora.

717 1230 965 1295 Sancte
998 1232 1257 1296 Mathia
2939 1266 3078 1309 ora.

715 1316 965 1381 Sancte
1000 1319 1306 1383 Barnaba
2937 1354 3076 1396 ora.

717 1403 966 1468 Sancte
1011 1406 1195 1470 Luca
2940 1441 3078 1484 ora.

721 1489 967 1554 Sancte
1003 1492 1228 1556 Marce
2941 1528 3080 1571 ora.

718 1577 981 1641 Omnes
1011 1581 1221 1643 sancti
1254 1580 1555 1663 apostoli,
1585 1592 1655 1645 et
1684 1581 2111 1665 euangeliste‚
2141 1593 2326 1648 orate
2358 1605 2480 1668 pro
2529 1588 2781 1656 nobis,

723 1663 982 1728 Omnes
1012 1668 1223 1730 sancti
1256 1667 1559 1751 discipuli
1593 1667 1867 1747 domini,
1898 1679 2082 1734 orate
2114 1691 2234 1752 pro
2266 1672 2477 1736 nobis

718 1751 980 1815 Omnes
1010 1755 1221 1816 sancti
1256 1755 1643 1819 innocentes
1672 1766 1857 1819 orate
1889 1777 2010 1839 pro
2043 1757 2249 1821 nobis,

722 1837 969 1903 Sancte
1002 1838 1345 1923 Stephane
2943 1877 3082 1921 ora„

721 1925 969 1990 Sancte
1003 1926 1346 1991 Laurenti2
2943 1965 3082 2008 ora.

719 2012 968 2077 Sancte
1001 2013 1316 2077 Vincenti
2944 2053 3083 2096 ora.

720 2099 967 2164 Sancte
1002 2102 1056 2163 F
1057 2101 1295 2164 abiane
2946 2139 3084 2182 ora.

721 2185 967 2250 Sancte
1002 2186 1394 2252 Sebastiane
2946 2226 3082 2269 ora„

720 2272 949 2337 Sancti
988 2274 1290 2352 IoanneS,
1319 2286 1388 2339 et
1422 2276 1624 2340 Paule
1656 2286 1839 2340 orate
1872 2298 1991 2361 pro
2023 2278 2229 2342 nobis.

721 2360 949 2423 Sancti
982 2359 1246 2439 Cosma,
1276 2372 1343 2426 et
1379 2363 1711 2427 Damiane
1742 2374 1925 2428 orate
1958 2387 2078 2448 pro
2108 2365 2314 2429 nobis,

720 2445 951 2511 Sancti
986 2446 1262 2512 Geruasi
1293 2459 1361 2512 et
1395 2450 1697 2513 Prothasi
1729 2462 1914 2515 orate
1946 2473 2065 2534 pro
2096 2452 2302 2515 nobis,

716 2533 1220 2611 Omnes-sancti
1255 2546 1597 2621 martyreS,
1628 2548 1813 2601 orate
1846 2560 1966 2622 pro
1998 2539 2204 2602 nobis.

721 2622 969 2686 Sancte
1003 2621 1321 2687 Siluester
2944 2661 3079 2704 ora.

721 2707 969 2773 Sancte
1002 2709 1278 2791 Gregori
2942 2749 3078 2791 ora.

725 2794 970 2859 Sancte
1003 2796 1383 2878 Augustine
2941 2835 3077 2877 ora,

721 2882 971 2947 Sancte
1007 2883 1322 2948 Ambrosi
2940 2922 3073 2964 ora.

720 2969 970 3034 Sancte
1006 2971 1071 3032 H
1081 2972 1424 3052 ieronyme
2936 3010 3072 3052 ora.

722 3055 969 3120 Sancte
1004 3057 1294 3121 Martine
2935 3097 3070 3138 ora„

723 3142 969 3208 Sancte
1004 3143 1065 3205 N
1074 3145 1280 3208 icolae
2933 3183 3070 3225 ora.

717 3229 979 3293 Omnes
1010 3233 1220 3294 sancti
1255 3232 1602 3315 pontifices
1632 3243 1700 3296 et
1731 3232 2154 3310 confessoreS,
2186 3243 2370 3297 orate
2403 3256 2527 3318 pro
2561 3240 2809 3309 nobis,

720 3316 979 3381 Omnes
1010 3320 1219 3380 sancti
1252 3318 1558 3383 doctores
2849 3345 3066 3399 orate.

722 3403 974 3468 Sancte
1007 3404 1263 3468 Antoni
2930 3444 3071 3486 ora.

719 3490 967 3555 Sancte
1001 3491 1359 3555 Benedicte
2934 3531 3076 3574 ora.

718 3577 967 3642 Sancte
1002 3579 1352 3642 Francisce
2934 3619 3077 3663 ora,

720 3664 968 3730 Sancte
1017 3666 1371 3730 Dominice
2935 3706 3061 3749 ora

724 3752 970 3816 Sancte
1004 3753 1339 3817 Bernarde
2935 3793 3077 3836 ora.

721 3838 980 3903 Omnes
1011 3841 1220 3902 sancti
1257 3839 1593 3917 Monachi‚
1623 3850 1692 3904 et
1721 3842 2011 3918 eremite,
2042 3852 2228 3906 orate
2260 3862 2380 3926 pro
2412 3844 2632 3908 nobis,

722 3925 979 3990 Omnes
1010 3928 1218 3989 sancti
1252 3927 1645 4003 sacerdoteS,
1674 3937 1743 3991 et
1776 3928 1991 4005 leuite,
2022 3939 2206 3993 orate
2239 3950 2358 4013 pro
2391 3930 2608 3996 nobiS.

720 4012 970 4078 Sancta
1002 4014 1209 4076 maria
1235 4013 1632 4097 magdalena
2934 4054 3073 4097 012

722 4100 972 4165 Sancta
1002 4100 1239 4183 Agnes
2933 4142 3072 4185 ora·

722 4186 971 4251 Sancta
1006 4187 1214 4250 Lucia
2933 4229 3074 4272 ora,

723 4274 972 4337 Sancta
1004 4273 1250 4338 Cecilia
2930 4317 3071 4360 012

683 4458 698 4488 ¹
738 4460 1115 4510 Bartholmaee:
1153 4459 1230 4523 38.
1892 4458 1914 4491 ²
1948 4461 2238 4513 Laurentii:
2275 4459 2353 4526 38.
