3293 5225
560 432 654 483 180
865 433 1096 483 FERJA
1132 433 1240 481 III.
1281 432 1722 482 DOMJNJCAE
1754 434 1831 481 II.
1870 434 2065 483 POST
2092 432 2657 484 PENTECOSTEN.

560 588 1109 651 inter'missarum
1149 587 1451 649 solennia
1495 586 1580 649 de
1628 587 2043 650 institutione
2089 588 2294 669 ipsius
2340 584 2669 669 specialisl
2716 585 2969 648 mentio

558 674 919 737 habeatur:
995 683 1211 737 totum
1274 684 1500 736 tamen
1564 675 1898 736 residuum
1961 675 2257 737 eiusdem
2320 675 2451 736 diei
2513 672 2804 736 officium
2880 672 2967 735 ad

560 760 803 825 Christi
838 761 1211 844 passionem
1263 762 1566 843 pertinet,
1591 761 1763 822 circa
1794 762 1980 823 cuius
2011 762 2507 824 venerationem
2546 759 2823 823 ecclesia
2855 759 2972 823 illo

560 857 861 930 tempore
948 857 1325 930 occupatur.
1459 840 1661 910 Vnde
1749 857 1820 910 vt
1910 849 2170 930 integro
2260 847 2661 911 celebritatis
2749 846 2970 910 officio

558 937 1043 999 institutionem
1082 936 1250 998 tanti
1295 936 1695 997 sacramenti
1742 934 2101 997 solenniter
2147 934 2460 998 recoleret
2504 935 2693 1018 plebs
2739 933 2970 1007 fidelis,

560 1023 908 1085 Romanus
939 1021 1262 1105 pontifex,
1292 1021 1606 1085 Vrbanus
1653 1031 1928 1103 quartus
1958 1022 2152 1085 huius
2183 1023 2578 1085 sacramenti
2609 1022 2973 1084 deuotione

560 1108 839 1172 affectus
866 1133 880 1172 ε
933 1110 1040 1192 pie
1072 1110 1307 1172 statuit
1332 1108 1583 1192 prefate
1606 1110 2042 1172 institutionis
2064 1107 2486 1172 momoriam2
2506 1110 2718 1191 prima
2737 1109 2973 1189 quinta

559 1196 718 1260 feria
756 1206 907 1280 post
952 1194 1251 1258 octauas3
1298 1205 1716 1278 pentecostes
1761 1216 1801 1258 a
1847 1196 2099 1259 cunctis
2146 1195 2451 1259 fidelibus
2496 1195 2852 1259 celebrari:
2899 1204 2970 1257 vt

559 1285 672 1366 qui
705 1304 821 1367 per
849 1293 1066 1347 totum
1099 1284 1254 1344 anni
1288 1284 1603 1345 circulum
1639 1284 1764 1345 hoc
1797 1292 2214 1346 sacramento
2244 1284 2491 1346 vtimur
2536 1282 2620 1345 ad
2667 1280 2971 1358 salutem,

558 1372 700 1434 eius
733 1371 1216 1434 institutionem
1252 1370 1365 1432 illo
1397 1371 1771 1452 specialiter
1800 1380 2099 1452 ternpore
2131 1370 2497 1433 recolamus
2527 1390 2663 1451 quo
2700 1370 2970 1451 spiritus

555 1467 824 1520 sanctus
856 1459 1058 1520 corda
1088 1456 1560 1539 discipulorum
1593 1457 1862 1519 edocuit
1892 1458 1976 1519 ad
2026 1457 2218 1541 plene
2264 1456 2728 1539 cognoscenda
2775 1455 2969 1518 huius

561 1545 853 1608 misteria
912 1545 1325 1607 sacramenti.
1452 1544 1625 1607 Nam
1690 1555 1756 1607 et
1820 1546 1882 1607 in
1946 1544 2181 1607 eodem
2246 1554 2547 1626 tempore
2607 1545 2784 1627 cepit
2843 1542 2968 1605 hoc

555 1641 1046 1695 sacramentum
1079 1652 1120 1695 a
1152 1630 1457 1694 fidelibus
1490 1631 1903 1712 frequentari.

1134 1791 1200 1861 (I
1246 1785 1444 1847 Feria
1475 1785 1586 1866 ,ι’ᾔ.
1617 1806 1696 1846 ex
1729 1784 2004 1849 amesa*
2089 1785 2303 1848 Lectio
2333 1786 2391 1850 ‚22

574 1897 822 2027 DAn
856 1897 1174 1998 iudicabit
1208 1897 1530 1998 populum
1564 1917 1758 1960 suum
1790 1898 1963 1960 sicut
1993 1906 2060 1960 et
2098 1897 2229 1960 alia
2273 1897 2482 1960 tribus
2531 1898 2595 1960 in
2652 1895 2852 1959 Israel

736 1995 805 2047 et
836 1984 1004 2065 ob1Jt
1035 1994 1513 2067 apposrtusque
1544 1994 1649 2047 est
1679 1985 1764 2047 ad
1799 1985 2123 2067 populum
2158 2005 2371 2048 suum.

1109 2143 1177 2213 (Ι
1221 2136 1332 2199 Ex
1357 2137 1520 2200 actis
1546 2137 2015 2218 apostolomm.⁵
2105 2139 2316 2201 Lectio
2346 2139 2431 2220 ‚372

708 2247 872 2312 Vm⁰
919 2258 1143 2312 autem
1199 2249 1632 2332 implerentur
1683 2250 1825 2312 dies
1877 2250 2086 2327 multi,
2139 2251 2487 2314 consilium
2551 2249 2846 2313 fecerunt
2907 2249 2972 2312 in

739 2355 944 2399 vnum
983 2335 1170 2399 Iudei
1319 2335 1498 2419 apud
1533 2335 1882 2400 Simonem
1915 2338 2251 2418 quendam
2284 2339 2651 2401 coriarium.

1487 2497 1553 2567 (I
1610 2491 1835 2553 Tertia
1863 2491 2056 2555 lectio.

582 2603 937 2733 LEgitur
966 2603 1143 2666 enim
1178 2603 1243 2665 in
1277 2601 1535 2666 actibus
1566 2606 2018 2687 apostolorum
2053 2603 2234 2688 quod
2265 2614 2454 2668 erant
2479 2611 2976 2688 perseuerantes

725 2692 791 2753 in
882 2690 1184 2753 doctrina
1259 2691 1716 2773 apostolorum
1800 2701 1869 2754 et
1943 2693 2551 2756 communicatione
2642 2691 2979 2754 fractionis

567 2778 759 2862 panis
790 2787 857 2839 et
888 2777 1299 2840 orationibus
1345 2778 1569 2840 statim
1619 2789 1770 2861 post
1816 2780 2029 2842 sancti
2075 2780 2341 2861 spiritus
2391 2780 2792 2843 missionem.
2881 2778 2978 2841 Vt

567 2873 793 2929 autem
830 2864 1124 2947 predicta
1169 2866 1405 2946 quinta
1452 2864 1612 2928 feria
1666 2874 1733 2955 et
1784 2887 1902 2948 per
1948 2876 2219 2930 octauas
2273 2876 2629 2949 sequentes
2680 2865 2975 2929 eiusdem

569 2948 901 3015 salutaris⁷
992 2953 1427 3015 institutionis
1516 2953 2056 3016 honorificentius
2151 2962 2388 3035 agatur
2484 2954 2821 3026 memoria,
2912 2960 2980 3014 et

572 3040 935 3102 solennitas
1023 3038 1108 3101 de
1197 3039 1322 3101 hoc
1413 3039 1731 3102 celebrior
1803 3040 2142 3118 habeatur,
2216 3039 2362 3103 loco
2436 3041 2978 3104 distributionum

575 3125 1015 3189 materialium
1067 3145 1197 3207 que
1243 3125 1305 3188 in
1356 3126 1651 3207 ecclesijs
1697 3127 2187 3191 cathedralibus
2233 3127 2639 3210 largiuntur:
2687 3128 2981 3190 existen-

573 3213 752 3276 tibus
827 3214 1164 3275 canonicis
1239 3213 1416 3275 horis
1493 3216 1832 3276 nocturnis
1909 3216 2283 3297 pariterque
2357 3216 2629 3292 diurnis,
2690 3214 2982 3298 prefatus

578 3302 926 3363 Romanus
980 3299 1284 3381 pontifex
1332 3302 1427 3363 eis
1472 3302 1585 3382 qui
1632 3301 2011 3364 huiusmodi
2066 3302 2244 3364 horis
2296 3303 2360 3365 in
2412 3302 2536 3365 hac
2584 3301 2984 3364 solennitate

578 3386 1012 3470 personaliter
1119 3388 1184 3449 in
1292 3387 1588 3469 ecclesijs
1686 3389 2093 3465 interessent,
2189 3388 2523 3471 stipendia
2619 3386 2984 3470 spiritualia

577 3474 944 3557 apostolica
976 3473 1349 3556 largitione⁸
1379 3475 1704 3537 concessit
1736 3485 2064 3557 quatenus
2095 3497 2211 3558 per
2240 3476 2362 3539 hec
2410 3476 2638 3538 fideles
2682 3475 2767 3537 ad
2815 3474 2984 3537 tanti

578 3561 727 3624 festi
801 3559 1252 3623 celebritatem
1327 3562 1587 3624 auidius
1660 3571 1727 3624 et
1801 3563 2132 3643 copiosius
2204 3563 2650 3626 conuenirent.
2783 3560 2984 3624 Vnde

578 3647 891 3711 omnibus
935 3668 1086 3710 vere
1132 3648 1582 3730 penitentibus
1628 3657 1698 3711 et
1749 3650 2107 3713 confessis:
2171 3651 2285 3732 qui
2337 3649 2711 3713 matutinali
2765 3647 2985 3711 officio

580 3735 775 3797 huius
834 3735 981 3797 festi
1044 3735 1523 3815 presentialiter
1594 3736 1659 3797 in
1719 3736 1996 3799 ecclesia
2053 3738 2164 3799 vbi
2225 3734 2619 3799 celebratur⁹
2676 3735 2987 3799 adessent

581 3831 850 3885 centum
899 3823 1060 3884 dies.
1173 3821 1306 3904 Qui
1355 3843 1510 3884 vero
1558 3824 1774 3897 misse,
1830 3824 2127 3887 totidem.
2241 3822 2373 3886 In¹⁰
2420 3824 2546 3886 illis
2591 3832 2814 3886 autem
2870 3823 2984 3903 qui

582 3910 974 3972 interessent
1029 3909 1256 3990 primis
1309 3911 1598 3990 vesperis
1653 3911 1856 3991 ipsius
1911 3910 2075 3987 festi,
2124 3911 2423 3974 similiter
2474 3920 2760 3974 centum.
2852 3908 2986 3991 Qui

583 4017 740 4059 vero
795 3993 912 4057 inll
967 3998 1274 4059 secundis
1325 3998 1632 4078 vesperiS,
1688 3996 1986 4060 totidem.
2097 3999 2215 4062 Eis
2270 4018 2535 4080 quoque
2584 3998 2696 4079 qui
2759 3997 2988 4078 prime,

583 4084 793 4158 tertie,
827 4092 1036 4159 sexte,
1068 4102 1257 4158 none,
1287 4104 1363 4146 ac
1396 4083 1811 4166 completorij
1848 4085 2158 4147 adessent
2203 4085 2438 4166 officijs
2466 4108 2479 4147 :
2528 4105 2648 4166 pro
2691 4084 2988 4166 qualibet

731 4230 970 4295 speciali:
1006 4230 1085 4280 66.
1883 4230 1906 4263 2
1938 4234 2258 4283 memoriam:
2297 4232 2373 4296 38.
2403 4242 2496 4283 etc.

677 4295 699 4326 ³
730 4314 822 4345 om.
854 4309 932 4359 39.
1426 4296 1447 4326 ⁴
1478 4297 1615 4357 [xlix.
1654 4297 1851 4360 16-32.]
2359 4297 2380 4327 ⁶
2411 4298 2498 4360 [ix.
2529 4299 2732 4362 23·43·]

681 4358 703 4391 ⁸
743 4361 883 4410 Thus
903 4364 1007 4410 also
1031 4360 1107 4424 38.
1138 4361 1299 4411 Cum:
1338 4374 1415 4425 39.
1446 4374 1539 4412 etc.
1889 4362 1910 4395 ⁷
1943 4364 2236 4413 saluatoris:
2274 4362 2351 4427 38.

677 4425 699 4457 ⁸
731 4427 1080 4491 largitatione:
1118 4426 1194 4490 38.
1887 4425 1908 4457 ⁹
1939 4429 2300 4478 celebrabitur:
2336 4428 2415 4491 63.

658 4489 699 4522 ¹⁰
731 4509 824 4541 om.
855 4490 933 4554 38.
963 4501 1056 4541 etc.
1864 4492 1901 4523 ¹¹
1936 4510 2028 4542 om.
2060 4507 2137 4557 39.
2166 4508 2246 4556 41.
2275 4493 2354 4558 63.
2384 4493 2462 4543 66.
