3293 5225
483 409 582 470 296
933 411 1229 461 OCTAVA
1263 412 1775 462 NATIVITATIS
1801 413 1857 464 S.
1894 413 2215 463 JOANNIS
2242 414 2461 464 BAPT.
2676 415 2821 477 [Im.
2854 427 2902 464 1.

574 561 826 627 Deinde
827 576 956 645 pro
971 566 1562 629 commemoratione
1588 576 1806 628 octaue
1821 567 2038 629 sancti
2053 565 2329 630 Ioannis
2344 565 2655 650 baptiste.¹
2700 568 2763 631 A
2772 569 2904 631 nti-

469 648 713 733 plzona.
797 650 1176 715 .Elizabeth
1239 653 1558 716 Zacharie
1619 674 1940 737 magnum
2003 654 2217 718 virum
2277 657 2507 738 genuit
2580 655 2905 719 Ioannem

485 737 868 820 baptistam,
897 759 1351 821 precursorem
1384 739 1660 803 domini.

620 823 868 890 Oratio.
959 827 1148 890 Deus
1179 827 1292 908 qui
1325 839 1702 910 presentem
1734 829 1913 890 diem
1945 839 2053 892 etc.
2084 837 2159 889 vt
2183 839 2384 909 supra
2414 830 2484 892 in
2514 830 2652 892 eius
2663 830 2862 909 sesto.

1527 1051 1872 1117 IVLIVS.

586 1193 654 1264 (Ι
695 1186 976 1252 ‘Octaua
1006 1189 1385 1251 natiuitatis
1411 1191 1624 1252 sancti
1651 1189 1923 1253 Ioannis
1950 1191 2247 1273 Baptiste
2274 1191 2513 1272 duplex
2539 1191 2773 1254 minus.

612 1294 740 1357 Ad
761 1294 1177 1356 matutinum.
1265 1292 1739 1356 Inuitatorium
1769 1304 1832 1356 et
1856 1294 2137 1375 hymnus
2162 1306 2240 1357 vt
2266 1295 2335 1357 in
2366 1297 2506 1357 eius
2517 1296 2713 1375 feste.

615 1393 1014 1476 Antiphona.
1110 1392 1265 1474 Ipse
1325 1393 1567 1474 preibit
1626 1404 1783 1457 ante
1857 1394 2044 1456 illum
2108 1396 2174 1457 in
2236 1396 2491 1478 spiritu,
2534 1405 2603 1458 et
2662 1395 2911 1458 virtute

487 1482 653 1558 Eue,
687 1501 920 1563 parare
952 1479 1228 1542 domino
1260 1480 1522 1562 plebem
1558 1481 1940 1563 perfectam.

1092 1617 1160 1688 (Ι
1189 1612 1402 1675 Lectio
1433 1613 1627 1675 tertia
1655 1614 2001 1676 secundum
2032 1614 2295 1678 Lucam.

500 1712 1361 1842 ELizabethstmpletum
1402 1722 1503 1811 est
1552 1723 1821 1794 tempus
1875 1714 2196 1813 pariendi,
2242 1726 2329 1814 et·
2360 1715 2617 1798 peperit
2672 1713 2911 1814 filium.

657 1800 751 1863 Et
826 1801 1178 1862 audierunt
1238 1820 1435 1861 vicini
1512 1809 1579 1861 et
1640 1812 1910 1881 cognati
1973 1821 2150 1864 eius:
2216 1822 2375 1883 quia
2439 1801 2905 1884 magnificauit

484 1887 1360 2056 (ὲεῖωἴὲῗίιὲῗιὸῐῖιίεετίοοτάἰαω
1409 1906 1618 1962 suam,
1655 1907 1805 1950 cum
1854 1887 1984 1962 illa,
2017 1898 2084 1950 et
2133 1887 2798 1970 congratulabantur³
2829 1889 2913 1953 ei.

1005 2104 1073 2175 (Ι
1119 2098 1201 2161 H
1195 2095 1459 2171 omelia†
1487 2099 1703 2160 sancti
1726 2099 1787 2160 A
1799 2098 2073 2181 mbrosij
2091 2100 2400 2182 episcopi.⁴

501 2198 843 2328 PEperit
917 2218 1077 2279 ergo
1152 2197 1360 2260 filiurn
1439 2197 1790 2260 Elizabeth
1866 2210 1933 2261 et
1993 2199 2633 2282 congratulabantur
2690 2200 2913 2262 vicini.

644 2285 874 2348 Habet
1013 2295 1394 2348 sanctorum
1527 2284 1736 2347 editio
1834 2286 2117 2349 letitiam
2213 2287 2647 2368 plurimorum
2748 2287 2911 2368 quia

486 2393 844 2435 commune
890 2382 991 2434 est
1038 2372 1307 2434 bonum.
1403 2372 1665 2434 Iustitia
1710 2374 1890 2435 enim
1936 2375 2313 2436 communis
2357 2384 2460 2437 est
2500 2375 2723 2437 virtus
2815 2373 2912 2436 Et

490 2461 640 2523 ideo
703 2462 766 2522 in
831 2469 979 2522 ortu
1031 2459 1221 2522 iusti:
1286 2459 1504 2521 future
1554 2461 1689 2522 vite
1753 2460 2011 2543 insigne
2073 2463 2513 2543 premittitur:
2578 2473 2644 2524 et
2691 2462 2912 2544 gratia

489 2558 791 2611 secuture
863 2547 1159 2609 virtutis:
1233 2546 1652 2608 exultatione
1698 2547 2066 2610 vicinorum
2131 2547 2530 2632 prefigurate
2589 2549 2906 2630 signatur.

491 2635 773 2699 Pulchre
820 2645 1043 2696 autem
1092 2645 1358 2716 tempus
1388 2654 1524 2714 quo
1557 2634 1680 2696 fuit
1711 2635 1777 2696 in
1812 2646 1998 2697 vtero
2031 2637 2358 2717 propheta
2390 2648 2794 2699 memoratur
2824 2655 2914 2697 ne

495 2723 707 2785 Marie
753 2723 1085 2803 presentia
1128 2733 1443 2784 taceatur.
1538 2720 1674 2785 Sed
1721 2733 1987 2803 tempus
2033 2723 2262 2786 siletur
2291 2723 2586 2800 infantie,
2614 2744 2695 2786 eo
2726 2723 2910 2803 quod

492 2810 828 2893 presentia
905 2808 1159 2871 domini
1241 2808 1469 2871 matris
1549 2810 1614 2870 in
1692 2818 1879 2871 vtero
1957 2810 2341 2873 roboratur:
2433 2812 2547 2892 qui
2632 2810 2916 2873 infantie

492 2897 972 2978 impedimenta
1049 2897 1341 2958 nesciuit.
1437 2895 1528 2958 Et
1588 2894 1742 2957 ideo
1804 2896 1868 2958 in
1930 2898 2283 2977 euangelio
2344 2897 2507 2960 nihil
2570 2917 2767 2980 super
2826 2918 2915 2960 eo

493 2984 775 3066 legimus
832 2984 954 3045 nisi
1005 2992 1223 3045 ortum
1274 2984 1415 3045 eius
1465 2993 1533 3045 et
1581 2982 1963 3046 oraculum:
2027 2985 2516 3048 exultationem
2564 2986 2628 3047 in
2680 2993 2912 3047 vtero:

491 3080 558 3133 et
590 3091 820 3134 vocem
870 3072 933 3132 in
985 3070 1264 3132 deserto,
1358 3070 1597 3151 Neque
1643 3070 1821 3132 enim
1855 3071 2056 3134 vllam
2106 3070 2383 3135 infantie
2420 3073 2626 3134 sensit
2656 3080 2910 3134 etatem

493 3158 604 3240 qui
653 3178 853 3239 supra
898 3166 1204 3219 naturam
1239 3176 1438 3236 supra
1469 3167 1718 3218 etatem
1753 3157 1817 3219 in
1851 3169 2038 3220 vtero
2070 3159 2231 3221 situs
2266 3160 2496 3221 matris
2527 3180 2567 3221 a
2600 3178 2915 3221 mensura

493 3245 780 3327 perfecte
827 3245 1002 3324 cepit
1033 3245 1231 3306 etatis
1263 3243 1693 3325 plenitudinis
1727 3243 1938 3308 Cristi.
2033 3245 2123 3308 Et
2156 3247 2498 3328 respondit
2529 3256 2741 3308 mater
2769 3245 2913 3308 eius

493 3342 560 3394 et
608 3333 799 3395 dixit.
892 3332 950 3393 N
959 3351 1063 3401 on,
1097 3329 1211 3392 sed
1245 3329 1589 3392 vocabitur
1639 3330 1941 3407 Ioannes,
1973 3344 2040 3395 et
2072 3332 2556 3414 responderunt
2586 3334 2671 3395 ad
2707 3332 2916 3396 illam.

498 3420 717 3481 Nemo
747 3429 847 3480 est
882 3419 944 3479 in
981 3418 1380 3499 cognatione
1411 3427 1528 3479 tua
1558 3419 1673 3497 qui
1704 3430 1977 3481 vocetur
2007 3418 2134 3482 hoc
2166 3422 2453 3484 nomine.
2534 3421 2916 3483 Innuebant

495 3526 655 3587 crgo
702 3507 872 3588 patri
918 3505 1061 3567 eius
1107 3524 1307 3585 quem
1343 3504 1541 3567 vellet
1572 3506 1795 3567 vocari
1843 3526 1996 3568 eum
2030 3518 2097 3569 et
2128 3509 2384 3589 accepit
2416 3507 2807 3589 pugillarem
2843 3517 2916 3570 et

495 3594 757 3675 scripsit
788 3591 1030 3655 dicens,
1129 3592 1413 3654 Ioannes
1446 3602 1547 3653 est
1582 3612 1823 3655 nomen
1857 3594 2014 3656 eius,
2094 3594 2184 3656 Et
2218 3596 2437 3657 mirati
2470 3605 2626 3658 sunt
2657 3614 2917 3656 omnes,

496 3680 833 3744 Continuo
879 3689 1104 3741 autem
1152 3678 1369 3740 soluta
1416 3688 1517 3741 est
1571 3679 1797 3760 lingua
1841 3681 1982 3742 eius
2028 3690 2095 3743 et
2143 3693 2446 3763 apertum
2494 3680 2621 3744 est⁵
2662 3702 2738 3743 os
2768 3682 2917 3744 eius

495 3778 561 3830 et
636 3766 1032 3848 loquebatur
1108 3766 1505 3828 benedicens
1583 3766 1825 3829 Deum.
1939 3768 2110 3830 Mire
2171 3779 2439 3832 sanctus
2499 3768 2918 3850 euangelista

496 3851 1117 3937 pretermittendum
1197 3874 1326 3914 non
1407 3854 1670 3935 putauit
1746 3856 1923 3934 quod
2004 3855 2268 3935 plurimi
2331 3853 2643 3918 infantes⁶
2701 3857 2917 3937 patris

496 3942 764 4005 nomine
799 3940 1190 4002 Zachariam
1223 3940 1699 4020 appellandum
1735 3952 2070 4022 putauere‚
2101 3954 2171 4005 vt
2204 3942 2514 4005 aduertas
2549 3943 2742 4005 matri
2774 3963 2914 4005 non

496 4049 739 4093 nomen
791 4027 1070 4090 alicuius
1122 4027 1536 4107 displicuisse
1585 4029 1969 4109 degeneris:
2032 4030 2150 4093 sed
2206 4028 2300 4091 id⁷
2349 4040 2583 4093 sancto
2618 4028 2916 4093 infusum

494 4116 727 4199 spiritu
759 4114 939 4196 quod
975 4113 1060 4175 ab
1091 4114 1333 4195 angelo
1364 4124 1520 4176 ante
1554 4115 1874 4177 Zacharie
1906 4116 2120 4179 fuerat
2151 4118 2675 4199 prenunciatum.

592 4225 610 4257 ¹
644 4243 738 4275 om.
768 4237 953 4300 39.-41.

590 4290 612 4321 2
646 4292 743 4339 Die
773 4303 812 4339 1.
843 4307 900 4338 m
925 4306 989 4338 m.
1021 4302 1097 4352 39.
1129 4302 1206 4350 41.
1237 4301 1315 4352 43.
1345 4303 1423 4350 49.
1455 4288 1533 4338 61.
1565 4289 1643 4351 64.
1704 4291 1801 4339 Die
1826 4304 1870 4339 2.
1903 4293 1960 4338 in
1984 4307 2048 4339 m.
2080 4291 2157 4355 38.
2187 4307 2266 4353 44.
2340 4291 2440 4342 Die
2468 4304 2507 4341 1.
2538 4305 2584 4354 9.
2614 4290 2694 4354 63.

590 4356 611 4385 ³
643 4355 1105 4419 congregabuntur:
1141 4367 1219 4417 43.
1805 4355 1826 4385 ⁴
1856 4373 1948 4406 om.
1978 4371 2056 4417 44

590 4421 611 4451 ⁵
641 4438 790 4487 quem
814 4422 963 4470 vellet
987 4420 1155 4469 vocari
1177 4434 1290 4469 eum
1315 4438 1327 4469 ε
1361 4420 1473 4470 add.
1503 4435 1582 4482 44.
1794 4418 1815 4450 θ
1849 4422 2122 4472 infantem:
2160 4421 2237 4485 38.
2267 4435 2346 4485 43.
2377 4435 2455 4484 49.
2485 4421 2565 4472 61.
2595 4421 2673 4486 63.
2704 4421 2785 4483 64.

591 4486 611 4519 ⁷
646 4488 731 4538 in:
769 4484 846 4549 38.
920 4502 984 4535 a:
1020 4487 1130 4534 add.
1163 4497 1240 4547 39.
1268 4498 1347 4547 41.
