3293 5225
261 458 415 507 Dte.
447 458 553 522 30.]
1081 457 1269 508 OCTA
1287 457 1376 506 VA
1411 457 1517 507 NA
1533 458 1789 507 TJVJTA
1803 458 1933 508 TIS.
2589 466 2685 519 373

407 615 475 687 (1
518 610 601 673 In
632 610 937 673 laudibus
957 620 1019 673 et
1040 611 1318 693 vesperis
1331 621 1459 692 pro
1475 611 2064 673 commemoratione
2085 609 2460 672 natiuitatis·
2478 608 2694 670 sancti

268 697 606 780 Stephani
628 698 843 760 sancti
865 696 1157 760 loannis¹
1186 707 1552 760 sanctorum
1584 696 2026 760 Innocentium
2072 697 2317 759 dieitur
2358 693 2688 760 OremuS.⁵³

264 785 507 847 deinde
563 785 873 848 dieantur
925 805 1143 847 eorum
1203 783 1562 859 orationes,3
1620 795 1683 847 et
1738 785 1832 847 sic
1869 783 2037 867 fieri
2090 783 2268 850 debet
2334 803 2530 865 vsque
2588 781 2687 845 in⁴

258 871 804 936 circuncisionem.

408 965 474 1034 (Ι
520 959 650 1021 Die
687 957 820 1023 ‚2:22⁶
931 958 1402 1022 Inuitatorium
1453 956 1687 1041 hymni
1732 968 1795 1021 et
1843 956 2187 1040 antiphone
2243 958 2555 1020 dih-untur
2609 955 2688 1018 de

266 1046 643 1110 natiuitate.

884 1207 1106 1270 Tertia
1135 1207 1330 1272 lectio.
1423 1205 1794 1270 Secundum
1823 1205 2094 1271 Lucam.

289 1318 428 1448 IN
465 1318 576 1382 illo
608 1328 943 1420 tempore:
974 1317 1230 1420 ‘Erant⁶
1266 1319 1505 1420 Ioseph
1537 1328 1605 1382 et
1656 1319 1869 1381 Maria
1899 1330 2128 1420 ‘mater
2176 1319 2326 1383 Iesu
2375 1319 2689 1381 mirantes

407 1426 602 1489 super
632 1407 734 1469 his
763 1427 891 1488 que
922 1406 1312 1470 dicebantur
1341 1406 1425 1470 de
1457 1405 1584 1471 1110.
1678 1406 1768 1469 Et
1800 1406 2065 1487 reliqua.

1077 1600 1145 1672 «Ι
1190 1559 1497 1657 Ηοηιὲιιὶι
1533 1592 1893 1677 ongimzvss

285 1705 929 1838 congregemus
912 1727 977 1769 1n
1010 1727 1214 1769 vnum
1261 1727 1341 1769 ea
1388 1727 1518 1788 que
1567 1707 1634 1768 in
1682 1716 1829 1770 ortu
1889 1706 2037 1770 Iesu
2091 1707 2269 1770 dicta
2318 1707 2691 1789 scriptaque

459 1802 614 1856 sunt
645 1794 728 1857 de
760 1815 858 1870 e0‚
902 1804 971 1856 et
1018 1803 1175 1856 tunc
1225 1795 1388 1857 scire
1442 1795 1806 1876 poterimus
1860 1793 2119 1877 singula
2168 1814 2431 1875 queque
2486 1793 2691 1876 digna

280 1901 430 1943 esse
505 1881 822 1943 miraculo
899 1878 1354 1962 Quamobrem
1434 1881 1796 1943 mirabatur
1868 1891 1935 1944 et
2013 1890 2200 1963 pater
2279 1880 2422 1963 (Sic
2511 1881 2690 1943 enim

280 1967 659 2050 appellatus
678 1978 777 2030 est
815 1968 1085 2050 Ioseph)
1116 1969 1272 2049 quia
1305 1969 1585 2030 nutritor
1613 1968 1755 2030 eius
1788 1967 1909 2030 fuit
1943 1967 2311 2031 Mirabatur
2353 1977 2421 2030 et
2467 1977 2694 2043 mater,

281 2075 482 2137 super
525 2055 835 2117 omnibus
880 2075 1010 2136 que
1059 2054 1449 2117 dicebantur
1495 2054 1579 2117 de
1630 2075 1729 2117 eo,
1841 2052 2150 2136 Quenam
2200 2075 2360 2135 ergo
2407 2063 2563 2116 sunt
2610 2054 2694 2116 de

283 2141 564 2222 paruulo
602 2141 749 2205 Iesu
783 2142 1012 2205 dicta?
1105 2142 1409 2204 Pastores
1438 2151 1627 2204 erant
1660 2142 1725 2203 in
1760 2143 2028 2223 regione
2061 2141 2187 2216 illa,
2232 2141 2583 2223 vigilantes
2627 2150 2695 2203 et

283 2226 734 2292 obsecrante-5⁷
794 2228 1130 2291 custodias
1191 2229 1419 2291 noctis,
1538 2228 1746 2290 Venit
1806 2228 2083 2311 angelus
2143 2229 2267 2291 sub
2329 2231 2472 2310 ipsa
2533 2228 2693 2290 hora

286 2317 656 2378 natiuitatis
731 2317 911 2378 iesu:
987 2325 1053 2378 et
1115 2317 1207 2377 ait
1265 2314 1354 2384 ad
1414 2334 1571 2377 eos:
1655 2314 1756 2377 Ite
1815 2325 1883 2377 et
1946 2315 2293 2378 inuenietis
2369 2314 2691 2377 infantem

287 2402 660 2464 inuolutum
724 2403 978 2484 panniS,
1037 2412 1106 2464 et
1168 2403 1455 2483 positum
1514 2403 1576 2463 in
1631 2402 1948 2484 presepio,
2060 2401 2361 2464 Necdum
2418 2401 2695 2483 angelus

286 2489 488 2551 verba
521 2488 794 2566 finierat,
823 2499 891 2552 et
920 2509 1073 2552 ecce
1106 2487 1464 2551 multitudo
1513 2488 1773 2551 celestis
1820 2489 2153 2551 exercitus
2206 2488 2472 2551 laudare
2518 2488 2695 2570 cepit

286 2584 356 2637 et
401 2575 788 2640 benedicere
835 2576 1033 2639 deum
1084 2575 1254 2640 Cum
1303 2576 1427 2639 hoc
1474 2586 1772 2659 pastores
1804 2575 2038 2659 trepidi
2089 2576 2597 2658 perspexissent,
2627 2583 2695 2638 et

287 2663 564 2743 angelus
610 2665 875 2726 recessit
921 2663 1008 2726 ab
1052 2665 1164 2739 eia,
1195 2663 1511 2726 dixerunt
1557 2662 1644 2727 ad
1692 2684 1762 2726 se
1811 2665 2138 2726 inuicem:
2188 2663 2443 2725 Eamus
2488 2682 2694 2743 vsque

291 2749 680 2813 Bethlehem
714 2760 780 2812 et
811 2750 1156 2813 videamus
1187 2750 1311 2813 hoc
1345 2750 1591 2813 {actum
1625 2749 1807 2831 quod
1839 2749 2151 2813 dominus
2172 2749 2462 2812 ostendit
2487 2749 2695 2813 nobiS.

289 2835 636 2899 Venerunt
666 2847 734 2899 et
764 2838 1157 2899 inuenerunt
1188 2837 1555 2919 paruulum.
1648 2836 1820 2900 Tam
1867 2837 1955 2899 illi
2004 2857 2204 2918 quam
2239 2846 2535 2918 pastores
2565 2856 2696 2916 que

291 2922 463 2985 sacta
496 2923 754 2986 fuerant
800 2924 1224 2987 mirabantur.
1315 2923 1531 3006 Super
1574 2923 1702 2986 hoc
1752 2934 1821 2987 et
1872 2923 1956 2987 de
2012 2923 2326 2987 Simeone
2376 2923 2697 2999 scribitur,

288 3010 466 3091 quod
545 3030 873 3073 rumorem
950 3012 1228 3087 auxerit,
1300 3019 1368 3073 et
1445 3011 1739 3074 miraculi
1802 3010 1904 3073 vel
1968 3030 2214 3094 magna
2274 3031 2425 3092 pars
2484 3009 2701 3074 suerit.

288 3097 536 3161 Tenuit
594 3098 769 3161 enim
835 3118 1109 3179 puerum
1166 3099 1231 3159 in
1290 3097 1574 3178 brachijs
1627 3099 1779 3174 suiS,
1831 3107 1899 3161 et
1951 3098 2083 3160 ait:
2162 3097 2358 3159 Nunc
2412 3096 2693 3159 dimittis

287 3205 547 3248 seruum
605 3195 791 3247 tuum
847 3184 1135 3260 domine,
1187 3184 1551 3247 secundum
1601 3184 1876 3247 verbum
1925 3193 2112 3247 tuum
2165 3184 2229 3246 in
2287 3204 2465 3265 pace,
2519 3182 2695 3265 Quia

287 3272 591 3334 viderunt
638 3271 808 3334 oculi
861 3272 990 3334 mei
1040 3270 1325 3335 salutare
1375 3281 1561 3335 tuum
1620 3271 1975 3353 fastigium,
2022 3281 2088 3334 et
2146 3271 2242 3348 (vt
2296 3272 2388 3333 ita
2447 3269 2697 3350 dicam)

285 3358 546 3421 culmen
588 3379 784 3441 super
816 3358 916 3420 his
946 3378 1076 3439 que
1109 3358 1522 3422 iactabantur
1551 3359 1634 3423 de
1674 3359 1840 3434 Iesu,
1870 3368 1937 3422 et
1969 3368 2156 3440 pater
2184 3367 2251 3420 et
2284 3367 2495 3419 mater
2526 3356 2699 3419 illius

290 3445 735 3507 mirabantur:
797 3466 1014 3508 sermo
1063 3445 1396 3509 Simeonis
1442 3445 1605 3509 fuit:
1656 3445 1809 3508 Non
1856 3447 2035 3508 enim
2084 3442 2350 3507 sufficit⁸
2379 3445 2438 3506 ei
2472 3454 2696 3507 tenere

291 3531 653 3613 paruulum,
699 3541 767 3594 et
812 3552 891 3594 ea
944 3552 1073 3613 que
1127 3532 1210 3595 de
1259 3534 1617 3615 semetipso
1665 3541 1818 3595 sunt
1851 3532 2169 3615 proloqui,
2200 3531 2315 3594 sed
2352 3530 2697 3594 benedixit

289 3619 453 3701 patri
486 3617 656 3681 illius
686 3627 754 3682 et
787 3619 997 3682 matri.

1372 3781 1616 3845 Oratio.

297 3903 825 4034 OMnipotens
884 3907 1285 3988 sempiterne
1338 3905 1503 3969 deus
1563 3905 1773 3987 dirige
1827 3915 2013 3967 actus
2066 3915 2325 3967 nostros
2378 3907 2442 3967 in
2499 3905 2697 3968 bene-

479 3992 721 4074 placito
769 4003 901 4069 tuo,
931 4004 1004 4054 vt
1050 3994 1114 4055 in
1167 3992 1438 4055 nomine
1491 3991 1713 4055 dilecti
1765 3991 1876 4074 filij
1936 3993 2028 4055 tui
2082 4013 2452 4055 mereamur
2504 3992 2698 4055 bonis

290 4079 592 4161 operibus
622 4079 999 4142 abundare:
1050 4080 1188 4143 Per.

388 4334 398 4364 ¹
435 4344 518 4385 et:
548 4337 659 4385 add.
691 4350 768 4400 39.
798 4351 876 4398 41.
1590 4336 1613 4369 ²
1645 4339 1916 4390 Concede.
1953 4352 2032 4403 39.
2060 4351 2139 4401 41.

383 4400 490 4450 ³vt
510 4411 698 4465 supra:
731 4405 842 4452 add.
874 4417 949 4468 39.
1592 4403 1744 4454 ⁴ad:
1778 4405 1840 4469 38
1863 4415 1957 4456 etc.

383 4466 404 4496 ⁸
384 4479 534 4564 7;30
562 4467 640 4530 38.
671 4479 762 4517 ete.
786 4469 854 4517 di.
885 4481 949 4530 30
970 4469 1027 4517 in
1048 4486 1112 4519 ne.
1589 4467 1612 4500 ⁸
1644 4482 1784 4520 erat·
1822 4470 1899 4533 38.

384 4531 793 4583 ⁷:obseruantes
831 4533 908 4597 38.
937 4544 1029 4584 etc.
1591 4534 1872 4586 ⁸suffecit:
1911 4549 1988 4600 39.
2016 4548 2095 4597 41.
2124 4548 2205 4599 43.
2234 4549 2313 4596 44.
2342 4533 2422 4583 60.
2452 4532 2532 4595 63.
