3293 5225
481 471 551 518 240
1120 462 1499 510 DorillNlCA
1536 462 1778 511 PRIMA
1815 464 1863 511 A
1868 462 1925 510 D
1938 463 1982 509 V
1981 463 2094 511 EN
2099 465 2130 511 ‘l
2137 464 2238 513 ἘΞ
2237 502 2247 512 .

623 613 956 696 Linguam
1036 614 1373 677 refrenans
1450 627 1819 698 temperet:
1929 618 2033 679 Ne
2111 617 2241 679 litis
2316 617 2544 679 horror
2618 618 2898 680 insonet.

490 697 729 762 Visum
765 700 1056 764 fouendo
1087 711 1444 784 contegat:
1493 724 1576 766 ne
1606 704 1938 766 vanitates
1970 705 2247 767 hauriat

621 786 772 851 Sint
805 808 969 870 pura
1000 789 1218 851 cordis
1251 790 1528 853 intima:
1576 789 1885 853 Absistat
1932 802 1997 855 et
2030 790 2353 854 vecordia.
2446 792 2683 856 Carnis
2730 802 2900 854 terat

484 875 893 956 superbiam,
927 876 1129 938 Potus
1160 877 1424 958 cibique
1455 878 1759 958 parcitas.

620 960 718 1024 Vt
749 982 902 1025 cum
935 962 1076 1025 dies
1109 964 1540 1027 abscesserit:
1589 964 2010 1046 Noctemque
2056 986 2198 1028 sors
2233 966 2610 1028 reduxerit:
2665 963 2899 1027 Mundi

488 1068 610 1129 ‚per
642 1048 1134 1112 abstinentiam.
1234 1051 1367 1133 [psi
1400 1071 1719 1114 canamus
1750 1052 2048 1133 gloriam.

625 1136 774 1198 Deo
821 1139 990 1218 patri
1039 1139 1124 1199 sit
1169 1138 1396 1219 gloria,
1430 1140 1703 1220 eiusque
1735 1139 1859 1201 soli
1893 1138 2043 1214 filio,
2079 1139 2247 1203 Cum
2282 1140 2513 1222 spiritu
2547 1139 2903 1221 paracleto

496 1223 587 1285 Et
623 1243 815 1299 nune,
849 1234 914 1287 et
947 1225 1011 1286 in
1046 1234 1457 1307 perpetuum.
1551 1226 1792 1289 Amen.

623 1310 876 1373 Deinde
919 1311 1233 1374 dicuntur
1286 1310 1664 1393 antzplzonal
1710 1323 1773 1375 et
1814 1313 2079 1393 psalmi,
2143 1324 2216 1374 vt
2271 1314 2341 1375 in
2388 1314 2702 1394 psalterio
2760 1334 2902 1374 cnm

488 1398 764 1475 symbolo
794 1398 854 1459 A
866 1398 1166 1479 tltanasij
1191 1400 1259 1461 in
1292 1400 1635 1462 dominicis
1666 1400 1905 1476 diebus,
1927 1401 1997 1461 in
2028 1401 2184 1481 alijs
2213 1411 2430 1462 antem
2461 1421 2607 1464 cum
2629 1400 2904 1477 symbolo

487 1485 930 1564 apostolorum.
1038 1486 1293 1548 Deinde
1347 1486 1641 1549 Domine
1691 1488 1937 1549 exaudi
1988 1488 2358 1550 orationem
2418 1507 2636 1549 meam
2687 1491 2751 1559 R
2816 1487 2903 1548 Et

488 1571 741 1632 clamor
775 1591 962 1633 meus
992 1571 1077 1634 ad
1115 1583 1179 1635 te
1212 1574 1449 1635 veniat.

1379 1740 1583 1803 Orem
1591 1760 1684 1803 us
1782 1740 2026 1804 Orattsso

497 1787 936 1979 DOmine
934 1852 1098 1915 deus
1144 1854 1588 1934 omnipotenS,
1621 1853 1733 1934 qui
1781 1854 1867 1915 ad
1915 1852 2310 1934 principium
2359 1852 2553 1914 huius
2603 1852 2734 1915 diei
2786 1872 2907 1914 nos

669 1940 1012 2019 peruenire
1060 1939 1289 2016 fecisti,
1321 1951 1435 2008 tua
1482 1961 1603 2002 nos
1652 1940 1850 2003 hodie
1897 1939 2082 2003 salua
2111 1941 2393 2002 virtute:
2442 1951 2511 2002 vt
2543 1941 2609 2001 in
2642 1938 2765 2000 hac
2799 1939 2906 2001 die

482 2026 574 2086 ad
610 2024 864 2087 nullum
899 2026 1307 2089 declinemus
1343 2038 1733 2108 peccatum:
1781 2030 1900 2090 sed
1930 2047 2194 2108 semper
2225 2027 2309 2089 ad
2352 2036 2538 2089 tuam
2586 2027 2904 2089 iustitiam

487 2112 865 2175 faciendam
901 2124 1126 2176 nostra
1175 2113 1564 2194 procedant2
1609 2114 1876 2196 eloquia
1921 2112 2318 2194 dirigantur³
2349 2115 2805 2195 cogitationeS,
2839 2122 2906 2175 et

480 2219 727 2280 opera:
778 2220 892 2280 per
938 2198 1285 2264 dominum
1322 2213 1621 2264 nostrum
1663 2201 1884 2263 Iesum
1931 2200 2271 2265 Christum
2308 2199 2515 2263 filium
2551 2210 2762 2277 tuum,
2792 2202 2903 2281 qui

486 2295 709 2348 tecum
745 2287 927 2358 viuit‚
960 2298 1028 2350 et
1060 2298 1296 2370 regnat
1328 2289 1390 2350 in
1427 2290 1681 2350 vnitate
1714 2289 1983 2370 spiritus
2030 2289 2243 2350 sancti
2293 2287 2458 2350 deus
2509 2307 2626 2369 per
2678 2288 2907 2350 omnia

485 2373 715 2435 secula
791 2375 1180 2437 seculorum.
1274 2379 1352 2447 R.
1431 2375 1671 2438 Amen.
1770 2376 2255 2438 Benedicamus
2316 2385 2379 2437 et
2434 2375 2488 2437 F
2492 2374 2785 2451 idelium,
2837 2383 2909 2436 vt

488 2471 707 2541 supra.

617 2553 683 2624 (Ι
744 2547 843 2609 Et
896 2548 991 2610 sic
1031 2547 1239 2630 finita
1287 2550 1514 2632 prima
1573 2549 1821 2612 dicitur
1875 2552 1953 2615 ff.
2036 2550 2338 2614 Preciosa
2417 2550 2482 2610 in
2546 2558 2906 2630 conspectu

488 2636 761 2698 domini.
859 2640 937 2709 R.
992 2637 1176 2698 Mors
1209 2648 1592 2700 sanctorum
1626 2639 1782 2700 eius.

1525 2790 1588 2859 (Ι
1643 2784 1890 2848 Oratio,

518 2895 822 2959 “Ancta
874 2896 1088 2959 Maria
1138 2908 1205 2961 et
1253 2917 1487 2960 omnes
1555 2896 1790 2971 sancti,
1841 2893 2282 2958 intercedant*
2358 2915 2477 2976 pro
2553 2894 2745 2956 nobis
2822 2891 2906 2955 ad

624 2983 989 3060 dominum,
1033 2994 1107 3047 vt
1163 3005 1282 3047 nos
1334 3004 1707 3047 mereamur
1756 2983 1840 3045 ab
1895 3004 1976 3044 eo
2025 2980 2344 3057 adiuuari,
2391 2991 2459 3044 et
2489 2981 2752 3057 saluari,
2795 2982 2908 3062 qui

489 3069 653 3133 viuit
686 3079 752 3131 et
786 3081 1039 3153 regnat,
1072 3071 1136 3133 in
1171 3072 1391 3134 secula
1425 3070 1811 3133 seculorum.
1901 3073 1981 3143 R.
2029 3069 2271 3132 Amen.

608 3158 687 3220 ff
738 3157 901 3220 Dies
932 3167 999 3221 et
1032 3169 1218 3222 actus
1252 3169 1513 3221 nostros
1546 3159 1609 3221 in
1644 3177 1765 3219 sua
1784 3177 1949 3239 pace
1981 3156 2296 3238 disponat
2330 3155 2664 3218 Dominus
2697 3155 2909 3217 omni-

497 3252 762 3325 potens,
853 3245 1372 3326 Responsorium.
1464 3246 1708 3308 Amen.

628 3331 723 3394 Et
770 3331 885 3395 lzoc
928 3333 1112 3395 modo
1159 3333 1419 3396 dicitnr.
1496 3333 1791 3395 Pretiosa
1808 3341 1935 3411 per
1980 3339 2182 3392 totum
2215 3350 2464 3393 annum
2486 3339 2897 3410 preterquam

489 3418 564 3479 in
598 3417 818 3482 triduo
847 3430 999 3482 ante
1012 3420 1274 3501 pascha.

619 3589 690 3658 ΙΙ
723 3585 781 3644 Α
793 3583 1218 3646 dnertendum
1253 3593 1466 3645 tamen
1498 3580 1749 3664 quodsi
1770 3580 1863 3643 in5
1894 3580 2113 3661 aliquo
2140 3579 2402 3643 sabbato
2424 3588 2545 3641 aut
2572 3578 2912 3653 dominica,

501 3682 618 3734 aut
651 3670 862 3751 insra⁶
892 3680 1151 3733 octauas
1183 3669 1666 3732 resurrectionis
1693 3667 2094 3740 ascensionis,
2112 3676 2495 3748 pentecostes
2535 3675 2600 3728 et
2640 3665 2916 3746 corporis

502 3757 770 3834 Christi,
815 3758 922 3820 vel
967 3758 1036 3821 in
1080 3758 1285 3839 scrisis
1328 3756 1829 3839 quadragesime
1886 3765 2124 3835 excepto
2184 3753 2402 3817 triduo
2473 3763 2624 3815 ante
2665 3751 2914 3834 pasclca

497 3844 799 3907 inciderit
848 3844 1119 3926 aliquod
1135 3845 1395 3925 festum
1446 3843 1722 3924 simplex
1747 3841 1960 3922 finita
1993 3841 2239 3922 prima,
2267 3849 2614 3921 antequam
2656 3839 2919 3902 dicatur

501 3933 549 3995 P
556 3933 804 3994 reciosa
828 3943 955 4013 pro
998 3930 1588 3994 commemoratione
1639 3929 1822 3992 illius
1845 3929 2019 4009 sesti
2042 3928 2355 4008 simplicis
2383 3926 2629 3989 dicitur
2670 3947 2909 3989 versus,

492 4018 637 4083 Ora
688 4039 808 4100 pro
862 4019 1054 4081 nobis
1110 4027 1337 4081 sancte
1390 4018 1470 4081 N.
1527 4017 1634 4080 vel
1680 4015 1890 4080 Orate
1940 4036 2059 4097 pro
2108 4015 2301 4077 nobis
2339 4015 2552 4077 sancti
2606 4013 2688 4076 N.
2735 4022 2797 4076 et
2831 4013 2912 4075 N.

494 4106 1012 4187 Responsorzum.
1164 4106 1259 4169 Vt
1325 4105 1509 4185 digni
1585 4103 1951 4166 efficiamur
2026 4101 2574 4185 promissionibus
2651 4100 2911 4165 Christi

501 4193 807 4257 OremuS.
861 4203 926 4255 et
973 4192 1222 4256 dicitur
1270 4192 1476 4255 oratio
1514 4191 1788 4272 propria
1837 4191 1902 4252 si
1949 4210 2092 4252 eam
2145 4188 2460 4264 habuerit,
2505 4188 2794 4269 alioquin
2837 4186 2917 4249 de

492 4280 835 4357 communi,
864 4301 995 4362 qna
1011 4279 1216 4359 finzla
1246 4279 1503 4341 dici.tur
1583 4278 1887 4340 Preciosa
1918 4286 2024 4339 etc.
2058 4286 2130 4337 vt
2156 4287 2370 4357 supra.

594 4490 607 4520 ¹
645 4490 960 4554 antiphona:
993 4490 1075 4548 61,
1102 4489 1181 4539 66.
1513 4487 1900 4553 2zprocedente
1938 4486 2015 4548 63.
2349 4484 2371 4512 ¹
2352 4485 2704 4581 ⁴3diligantur:
2740 4483 2819 4533 66.

592 4556 613 4585 ⁴
646 4556 988 4606 intercedent:
1025 4555 1103 4619 38.
1517 4552 1539 4584 ⁸
1568 4570 1663 4603 om.
1693 4552 1772 4602 61.
2352 4548 2580 4599 θίηινα·
2615 4549 2697 4601 61.
