3293 5225
280 455 418 506 NOV.
464 455 568 516 ιι]
765 455 858 504 SS.
907 452 1251 504 TRJPHON
1273 454 1438 502 ETC.
1544 455 1597 502 S.
1639 454 2046 505 MARTINUS
2074 455 2227 505 EPS.
2594 468 2685 521 351

405 607 652 683 Gloria,
682 617 749 670 et
795 607 1007 670 honor
1037 607 1164 670 deo
1195 605 1590 688 lVsquequo
1620 606 1949 671 altissimo
1977 633 1990 672 ε
2038 609 2191 672 Vna
2224 609 2395 692 patri
2421 609 2691 691 filioque

282 696 545 820 Inclyto1
590 694 925 778 paracleto
975 693 1097 758 Cui
1149 694 1294 756 laus
1341 704 1442 757 est
1491 704 1558 757 et
1605 703 1905 777 potestas
1939 696 2064 758 Per
2093 698 2422 759 immensa
2452 698 2694 761 secula.

278 783 798 949 Amjtjitzphona.
889 867 951 932 O
985 888 1186 949 quam
1245 868 1640 931 metuendus
1685 877 1786 931 est
1833 867 2016 932 locus
2068 870 2209 947 iste,
2237 891 2390 934 vere
2422 891 2554 934 non
2587 881 2689 934 est

271 957 373 1019 hic
405 956 586 1019 aliud
621 956 742 1018 nisi
776 955 1016 1018 domus
1046 955 1154 1018 dei
1185 964 1253 1017 et
1284 964 1475 1038 porta
1505 955 1646 1020 celi.

669 1099 736 1169 (Ι
794 1091 856 1154 T
851 1092 1077 1173 nphon
1107 1102 1171 1154 et
1195 1092 1356 1173 socz'j
1378 1091 1740 1172 martyres?
1828 1091 2040 1156 Lectio
2072 1094 2282 1160 tertia.

275 1206 480 1336 AD
516 1205 886 1270 Saxoniam
920 1206 986 1267 in
1019 1205 1166 1267 vico
1199 1203 1479 1268 Absado
1514 1204 1726 1267 Decio
1767 1205 2165 1288 imperatore
2197 1207 2262 1269 in
2296 1206 2693 1271 christianos

460 1295 756 1356 seuiente
831 1291 1131 1373 Triphon
1208 1312 1248 1353 a
1323 1293 1851 1373 persecutoribus
1925 1293 2457 1375 comprehensus,
2531 1315 2682 1358 cum

269 1379 631 1443 sacrificare
684 1388 1004 1455 renueret,
1048 1388 1116 1441 et
1163 1377 1362 1441 fidem
1417 1377 1662 1442 Christi
1712 1379 1932 1461 palam
1985 1378 2416 1461 profiteretur,
2456 1382 2691 1446 eculeo

265 1487 598 1550 appensus
644 1468 928 1549 primum
978 1465 1200 1528 ferreis
1229 1465 1493 1546 vngulis
1545 1475 1878 1542 exaratur,
1909 1466 2150 1529 deinde
2203 1467 2410 1531 clauis
2458 1470 2689 1550 ignitis

265 1553 568 1617 confixus
601 1553 802 1636 pedes
831 1549 899 1616 et
933 1551 1211 1615 fustibus
1241 1572 1430 1615 cesus
1473 1553 1764 1615 admotis
1806 1552 2226 1635 lampadibus
2273 1555 2691 1620 amburitur.³

267 1640 469 1704 Cuius
522 1639 941 1703 tolerantiam
993 1640 1573 1720 constantiamque
1604 1639 1967 1702 demiratus
2001 1641 2349 1723 Respicius
2380 1643 2681 1706 tribunus

264 1728 348 1789 ad
397 1727 596 1791 fidem
631 1726 873 1791 Christi
923 1747 1280 1789 conuersus
1331 1736 1449 1802 est,
1481 1728 1828 1808 ipsamque
1881 1728 2055 1810 cepit
2106 1738 2335 1811 aperte
2388 1729 2680 1812 profiteri

263 1816 619 1896 statimque
680 1825 913 1897 captus
961 1833 1112 1876 cum
1164 1813 1501 1895 Triphone
1562 1815 1903 1877 cruciatur.
2015 1814 2278 1879 Deinde
2330 1816 2531 1879 ambo
2591 1816 2678 1880 ad

261 1901 582 1984 templum
616 1902 1105 1976 abstrahuntur,
1137 1910 1208 1962 vt
1245 1901 1388 1962 Ioui
1433 1900 1876 1963 sacrificarent
1908 1901 2023 1964 sed
2056 1913 2289 1966 orante
2321 1903 2681 1986 Triphone,

260 2009 408 2051 cum
444 1988 693 2052 idolum
728 1989 1093 2063 corruisset,
1124 1989 1312 2068 virgo
1342 1988 1629 2068 quedam
1669 1987 1989 2069 Nympha
2039 1991 2308 2052 nomine
2359 1992 2683 2055 miraculo

259 2085 595 2138 commota
649 2074 911 2157 fideque
965 2073 1229 2151 suffusa,
1285 2074 1503 2136 Iesum
1556 2074 1755 2136 deum
1789 2095 2017 2137 verum
2071 2097 2213 2139 esse
2269 2077 2677 2159 proclamare

263 2164 452 2245 cepit.
572 2163 764 2225 Tunc
827 2183 981 2224 vero
1043 2163 1220 2223 iussu
1299 2161 1575 2243 presidis
1649 2163 1858 2223 sancti
1937 2172 2261 2244 martyres
2324 2185 2455 2226 vna
2523 2185 2673 2228 cum

262 2249 581 2332 Nympha
612 2250 867 2331 virgine
901 2248 1261 2330 plumbatis
1292 2246 1643 2310 crudeliter
1674 2250 1824 2324 cesi,
1857 2250 2214 2313 nouissime
2265 2250 2678 2315 trucidantur

459 2478 526 2548 (Ι
571 2472 920 2534 Martinus
947 2471 1264 2552 episcopus
1293 2471 1614 2551 confessor
1637 2471 1874 2551 duplex
1900 2472 2135 2536 mz'nuS.
2229 2472 2474 2538 Oratio,

275 2584 568 2713 DEuS,
599 2585 710 2665 qui
758 2583 1101 2665 conspiciS,
1132 2583 1288 2663 quia
1318 2602 1407 2645 ex
1442 2581 1622 2645 nulla
1670 2593 1893 2646 nostra
1925 2585 2166 2647 virtute
2217 2585 2682 2665 subsistimus?

438 2670 728 2733 concede
761 2672 1100 2753 propitius,
1131 2679 1202 2732 vt
1240 2671 1707 2733 intercessione
1753 2670 1929 2733 beati
1966 2671 2237 2734 Martini
2285 2673 2681 2737 confessoris

260 2760 354 2820 tui
389 2768 589 2839 atque
623 2757 971 2839 pontificiS,
1002 2766 1232 2819 contra
1264 2758 1490 2818 omnia
1521 2756 1801 2819 aduersa
1835 2760 2226 2823 muniamur.
2320 2780 2450 2841 per.

876 2876 943 2946 (Ι
991 2869 1113 2931 Ad
1136 2869 1534 2930 matutinum
1567 2869 1877 2931 inuitato?
1887 2869 2068 2934 ium.⁵

389 2982 772 3045 Laudemus
803 2982 1002 3045 deum
1038 2992 1333 3044 nostrum
1369 2982 1435 3044 in
1467 2981 1880 3045 confessione
1911 2983 2087 3045 beati
2124 2983 2415 3049 Martini.

1293 3116 1504 3179 Lectio
1535 3117 1629 3198 iij.

435 3231 713 3293 Artinus
767 3230 1040 3294 Sabarie
1088 3239 1281 3291 natus
1329 3229 1535 3310 (quod
1586 3229 1906 3311 oppidum
1954 3240 2055 3293 est
2110 3231 2481 3305 Pannonie')
2520 3254 2670 3297 cum

475 3327 649 3381 esset
723 3336 1048 3379 annorum
1111 3316 1341 3379 decem
1420 3316 1645 3378 inuitis
1720 3317 2103 3398 parentibus
2162 3318 2248 3381 ad
2323 3319 2668 3384 ecclesiam

253 3405 573 3487 confugit,
627 3424 827 3486 seque
876 3403 1411 3466 cathecuminum
1469 3401 1604 3466 fieri
1662 3403 2041 3484 postulauit.
2151 3403 2671 3486 Quintodecimo

251 3513 408 3555 vero
467 3494 665 3554 etatis
723 3511 902 3553 anno
961 3511 1030 3553 se
1089 3492 1224 3552 vite
1286 3490 1549 3552 militari
1611 3489 1814 3553 dedit.
1924 3488 2145 3571 Quam
2202 3494 2486 3574 primum
2548 3495 2673 3558 sub

251 3578 698 3642 Constantino
759 3579 981 3659 gessit,
1029 3576 1269 3640 deinde
1324 3576 1447 3639 sub
1501 3576 1772 3640 Iuliano,
1868 3576 1999 3639 Hic
2048 3598 2199 3640 cum
2255 3579 2417 3642 nihil
2456 3591 2673 3663 preter

251 3687 438 3728 arma
487 3676 554 3728 et
585 3686 785 3728 vnam
828 3673 1081 3727 vestem
1138 3663 1501 3746 possideret
1552 3664 1823 3746 pauperi
1876 3664 2057 3727 nudo
2106 3663 2349 3729 Christi
2401 3670 2671 3732 nomine

250 3751 748 3833 eleemosynam
810 3752 896 3814 ab
957 3772 1025 3814 se
1087 3750 1472 3813 mirabiliter
1533 3752 1784 3833 petenti
1848 3752 1913 3813 in
1970 3762 2159 3834 porta
2212 3753 2671 3832 Ambianensi,

252 3839 605 3902 dimidium
667 3837 1040 3919 chlamydis
1100 3837 1324 3919 gladio
1377 3838 1587 3900 diuise
1641 3837 1885 3913 tribuit,
1917 3838 2167 3919 reliqua
2222 3849 2407 3921 parte
2452 3841 2538 3904 ad
2600 3863 2671 3905 se

250 3925 619 4007 egendumt
695 3935 1044 3988 reseruata.
1180 3923 1312 4006 Qui
1391 3934 1585 3986 nocte
1659 3935 2015 3987 consecuta
2092 3924 2427 3990 Christum
2503 3929 2669 3993 vidit

251 4012 604 4075 dimidiata
634 4023 835 4088 veste,
866 4032 1065 4094 quam
1116 4012 1170 4073 is
1223 4012 1494 4093 pauperi
1545 4011 1837 4087 dederat,
1870 4011 2194 4089 indutum,
2224 4023 2291 4075 et
2322 4014 2680 4082 dicentem.

255 4100 588 4163 Martinus
647 4099 1148 4162 cathecuminus
1207 4097 1331 4159 hac
1394 4118 1501 4161 me
1560 4108 1746 4160 veste
1805 4101 2125 4163 contexit.
2248 4099 2464 4163 Natus
2515 4124 2672 4166 vero

249 4207 468 4249 annos
512 4186 645 4249 duo
700 4186 782 4250 de
819 4186 1053 4268 viginti
1107 4185 1515 4266 baptismum
1570 4186 1857 4267 excepit,
1888 4186 2246 4267 relictaque
2300 4189 2537 4251 militia
2584 4190 2671 4254 ad

249 4283 557 4337 sanctum
612 4272 941 4336 Hilarium
995 4269 1509 4335 Pictaniensem⁶
1539 4273 1926 4354 episcopum
1981 4275 2292 4355 perrexit,
2322 4294 2361 4337 a
2393 4294 2527 4356 quo
2571 4286 2678 4340 est

352 4399 455 4437 ¹—¹
490 4408 545 4449 vt
566 4409 753 4465 supra:
792 4413 869 4464 39.
899 4412 978 4461 41.
1561 4396 1584 4427 ²
1615 4397 1699 4447 die
1728 4411 1799 4447 10.
1831 4399 1890 4446 in
1913 4415 1978 4447 m.

348 4464 370 4495 ³
402 4466 740 4516 comburitur:
779 4465 855 4529 38.
885 4478 964 4529 43.
1560 4461 1581 4493 ⁴
1613 4464 1975 4513 subaestimus:
2013 4462 2090 4527 38.

349 4529 371 4561 ⁵
403 4532 486 4581 die
521 4545 594 4581 11.
624 4534 683 4581 in
707 4548 773 4581 m.
1563 4525 1585 4559 ⁸
1620 4528 2017 4580 Pictauiensem:
2054 4527 2132 4594 38.
2162 4537 2256 4581 etc.
