3293 5225
762 463 1140 514 DOMINICA
1180 461 1412 511 [NFRA
1454 463 1642 512 OCTA
1663 463 1827 512 VAM
1850 463 2356 513 ASCENSIONJS.
2689 471 2779 524 137

371 635 493 678 nos
526 618 816 680 erudiuit
861 616 1167 679 auditus:
1216 636 1335 677 nos
1386 615 1805 679 confirmauit
1856 627 2161 680 attactus,
2272 616 2536 681 Gratias
2585 617 2782 698 igitur

370 723 650 784 agamus
707 705 930 766 diuine
977 703 1493 786 dispensationi:
1542 713 1607 765 et
1662 712 2045 766 sanctorum
2102 713 2365 786 patrum
2418 703 2782 766 necessarie

371 789 685 855 tarditati.
780 791 1176 854 Dubitatum
1226 800 1327 852 est
1358 790 1445 852 ab
1477 790 1642 853 illis:
1693 810 1775 852 ne
1808 791 2223 854 dubitaretur
2252 811 2291 852 a
2324 789 2531 852 nobis.
2627 790 2778 851 Non

370 897 530 958 ergo
607 879 673 940 hi
750 878 893 940 dies
967 876 1379 940 dilectissimi
1458 877 1570 958 qui
1649 877 1820 939 inter
1910 877 2450 940 resurrectionem
2527 875 2780 938 domini

370 966 962 1046 ascensionemque
1011 964 1348 1026 fluxerunt
1397 966 1622 1026 ocioso
1655 964 1992 1041 transiere,
2022 964 2323 1041 decursu,
2370 965 2486 1026 sed
2538 983 2783 1044 magna

371 1052 438 1112 in
501 1052 594 1113 eis
642 1051 1035 1115 confirmata
1083 1060 1516 1125 sacramenta,
1583 1070 1826 1132 magna
1888 1060 2041 1113 sunt
2102 1051 2395 1114 reuelata
2450 1050 2782 1130 mysteria.

376 1138 454 1199 In
489 1138 590 1201 his
623 1148 840 1202 metus
873 1139 1012 1200 dire
1046 1139 1275 1200 mortis
1308 1139 1614 1212 aufertur,
1648 1149 1714 1200 et
1748 1157 1878 1200 non
1914 1137 2125 1200 solum
2160 1138 2400 1213 anime,
2431 1138 2548 1200 sed
2581 1138 2782 1199 etiam

368 1227 589 1287 carnis
666 1223 1156 1288 immortalitasl
1218 1224 1606 1288 declaratur.
1755 1224 1830 1286 In
1893 1224 1995 1287 his
2071 1246 2188 1307 per
2263 1223 2781 1287 insufflationem

373 1313 627 1374 domini
682 1312 1049 1376 infunditur
1109 1311 1429 1394 apostolis
1484 1311 1752 1393 spiritus
1799 1322 2071 1374 sanctus
2117 1321 2183 1374 et
2230 1312 2428 1375 beato
2474 1313 2785 1393 apostolo

376 1399 569 1461 Petro
644 1420 844 1482 supra
920 1409 1173 1462 ceteros
1251 1407 1403 1480 post
1466 1399 1650 1479 regni
1713 1399 1935 1461 claues
1997 1399 2189 1461 ouilis
2251 1399 2566 1461 dominici
2630 1418 2785 1461 cura

374 1486 747 1552 mandatur.
874 1486 950 1548 In
1016 1486 1117 1548 his
1179 1485 1413 1548 diebus
1475 1484 1736 1548 duobus
1812 1485 2152 1568 discipulis
2229 1487 2460 1548 tertius
2536 1486 2601 1547 in
2678 1486 2787 1547 via

370 1572 683 1636 dominus
745 1573 1038 1657 iungitur
1097 1592 1372 1635 comes:
1432 1582 1498 1634 et
1560 1572 1643 1635 ad
1707 1592 1976 1634 omnem
2040 1582 2264 1635 nostre
2326 1573 2784 1656 ambiguitatis

370 1659 726 1741 caliginem
787 1659 1266 1744 detergendam
1345 1660 1733 1741 pauentium
1812 1680 1888 1721 ac
1965 1659 2443 1742 trepidantium
2507 1659 2786 1722 tarditas

374 1747 766 1830 increpatur.

437 1890 501 1959 {I
538 1884 886 1947 Dominica
917 1883 1127 1964 infra2
1157 1894 1447 1946 octauam
1496 1883 1905 1945 Ascentionis
1935 1904 2014 1945 ex
2045 1883 2317 1947 Genesi.3
2406 1884 2622 1946 Lectio
2653 1885 2709 1946 ,ιζ

392 1996 691 2123 NVnc
723 2017 881 2097 ergo
914 1997 1262 2096 prouideat
1295 2017 1415 2058 rex
1465 1996 1676 2058 virum
1728 1997 2098 2095 sapientem
2143 2005 2222 2095 ‘et
2273 1996 2667 2096 industrium
2707 2043 2778 2096 3..

382 2083 911 2253 Heliolggfflgcslue
946 2083 1033 2145 1111
1068 2103 1345 2146 vxorem
1380 2083 1685 2146 Aseneth
1721 2081 1923 2144 filiam
1963 2082 2388 2165 phutipharis
2420 2083 2783 2145 sacerdotis

580 2311 645 2381 (1
677 2306 790 2368 Ex
814 2306 1074 2386 epistola
1089 2305 1318 2386 prima
1341 2305 1561 2369 Pauli.
1592 2305 1690 2366 ad
1719 2304 1776 2369 C
1770 2303 2127 2369 orintleios.4
2243 2305 2455 2369 Lectio
2487 2306 2569 2387 .ῂῖ

379 2417 631 2550 Slcut
691 2419 867 2481 enim
929 2438 1169 2500 corpus
1227 2437 1431 2479 vnum
1492 2432 1611 2491 est,
1675 2427 1741 2480 et
1820 2417 2118 2480 membra
2178 2416 2380 2481 habet
2458 2420 2782 2482 multa

510 2505 1052 2569 excellentiorem
1087 2505 1261 2566 viam
1294 2504 1483 2567 vobis
1515 2504 1918 2566 demonstro

928 2664 993 2734 ([
1026 2657 1236 2721 Lectio
1268 2658 1460 2720 tertia
1488 2657 1851 2721 secundum.
1897 2656 2247 2722 Ioannem.⁵

468 2773 526 2835 N
594 2772 707 2834 illo
767 2781 1105 2852 tempore:
1185 2770 1378 2833 Dixit
1461 2770 1644 2832 Iesus
1721 2769 2061 2850 discipulis
2120 2771 2256 2832 suis
2305 2770 2475 2834 Cum
2537 2775 2791 2836 venerit

493 2860 863 2940 paracletus
896 2878 1094 2940 quem
1126 2878 1256 2940 ego
1289 2858 1547 2919 mittam
1585 2856 1777 2919 vobis
1810 2877 1845 2918 a
1898 2866 2085 2937 patre
2135 2858 2441 2939 spiritum
2497 2861 2792 2922 veritatis

378 2948 493 3027 qui
527 2968 565 3009 a
599 2956 787 3027 patre
820 2944 1157 3028 procedit:
1210 2944 1330 3006 Ille
1362 2944 1818 3008 testimonium
1856 2943 2228 3025 perhibebit
2262 2944 2346 3006 de
2379 2964 2485 3006 me
2515 2969 2527 3007 :
2576 2956 2642 3008 et
2674 2968 2792 3009 vos

383 3034 838 3096 testimonium
917 3031 1384 3114 perhibebitis:
1460 3031 1614 3111 quia
1676 3031 1763 3093 ab
1826 3030 2015 3092 initio
2080 3051 2339 3094 mecum
2401 3033 2577 3096 estis
2703 3034 2792 3096 Et

381 3120 650 3201 reliqua.

890 3253 955 3323 (1
989 3247 1071 3310 H
1065 3243 1330 3319 omelia†
1359 3245 1573 3307 sancti
1597 3245 1658 3306 A
1669 3244 1972 3327 agustini
1995 3246 2273 3327 episcopi.

403 3358 827 3489 DOminus
863 3361 1047 3423 lesus
1101 3359 1166 3421 in
1221 3377 1525 3421 sermone
1579 3377 1778 3437 quem
1813 3358 2072 3420 locutus
2120 3367 2222 3421 est
2272 3359 2615 3441 discipulis
2662 3362 2797 3423 suis

568 3456 721 3529 post
752 3466 985 3509 cenam
1020 3446 1366 3529 proximus
1392 3444 1723 3527 passioni:
1761 3459 2079 3525 tanquam
2115 3446 2323 3508 iturus
2354 3455 2420 3508 et
2455 3447 2796 3511 relicturus

382 3554 502 3597 eos
566 3532 896 3614 presentia
956 3532 1319 3615 corporali:
1395 3551 1546 3594 cum
1608 3531 1920 3593 omnibus
1979 3543 2204 3594 autem
2266 3534 2399 3595 suis
2460 3554 2665 3615 vsque
2712 3535 2797 3597 ad

389 3620 1030 3683 consummationem
1086 3619 1285 3682 seculi
1348 3619 1604 3681 futurus
1658 3619 1988 3699 presentia
2039 3619 2358 3701 spirituali
2406 3620 2799 3684 exhortatus

391 3716 491 3770 est
545 3728 658 3770 eos
711 3706 797 3770 ad
861 3704 1310 3788 perferendas⁶
1365 3705 1855 3787 persecutiones
1901 3706 2296 3787 impiorum:
2344 3727 2512 3789 quos
2569 3708 2797 3771 mundi

392 3795 660 3857 nomine
743 3794 1172 3875 nuncupauit.
1312 3792 1420 3854 Ex
1500 3812 1633 3873 quo
1712 3801 1931 3855 tamen
2012 3793 2264 3856 mundo
2338 3795 2540 3857 etiam
2620 3797 2798 3877 ipsos

389 3880 752 3963 discipulos
781 3880 1060 3962 elegisse
1091 3900 1160 3941 se
1192 3879 1455 3942 dixerat
1485 3902 1497 3940 :
1530 3889 1600 3941 vt
1633 3879 1877 3941 scirent
1910 3901 1979 3941 se
2011 3881 2224 3961 gratia
2261 3880 2386 3943 Dei
2438 3902 2581 3943 esse
2618 3884 2797 3963 quod

392 3978 565 4044 sunt,
597 3969 731 4030 suis
763 3977 984 4031 autem
1022 3965 1200 4047 vitijs
1234 3966 1433 4028 fuisse
1463 3965 1657 4047 quod>
1681 3966 1957 4030 fuerant.
2051 3966 2316 4029 Deinde
2350 3978 2800 4050 persecutores

392 4065 460 4118 et
512 4076 669 4119 suos
720 4065 787 4117 et
837 4056 1175 4136 ipsorum:
1227 4052 1469 4115 Iudeos
1516 4052 1861 4114 euidenter
1914 4053 2258 4136 expressit,
2309 4067 2381 4117 vt
2428 4057 2611 4118 omni
2668 4077 2797 4119 non

391 4153 740 4223 appareret
770 4143 970 4205 etiam
1007 4142 1187 4223 ipsos
1221 4138 1449 4202 mundi
1497 4137 1924 4202 damnabilis7
1955 4140 2406 4223 appellatione
2438 4143 2799 4213 conclusos

387 4230 505 4311 qui
582 4238 1063 4311 persequuntur
1136 4236 1420 4289 sanctos,
1556 4224 1864 4306 Cumque
1927 4226 2012 4289 de
2089 4227 2216 4289 illis
2293 4230 2558 4304 diceret,
2621 4231 2799 4311 quod

388 4318 769 4399 ignorarent
800 4337 950 4379 eum
988 4337 1027 4378 a
1059 4334 1194 4397 quo
1227 4314 1464 4376 missus
1509 4322 1627 4376 est.
1753 4314 1843 4376 Et
1889 4323 2114 4376 tamen
2148 4314 2448 4378 odissent
2480 4326 2546 4379 et
2595 4316 2799 4379 filium

491 4459 507 4489 ¹
543 4460 911 4511 inmortalitas:
947 4460 1026 4510 61.
1207 4457 1229 4488 Β
1263 4460 1444 4507 intra:
1481 4456 1559 4507 61.
1590 4457 1670 4517 64.
1847 4457 1868 4488 ³
1902 4458 2007 4519 [xli.
2039 4460 2243 4522 33—45.]
2412 4458 2433 4489 ⁴
2467 4460 2570 4521 [xii.
2608 4463 2808 4524 12-31.]

492 4524 513 4553 ⁵
546 4525 634 4575 Ca.
672 4536 725 4588 15
752 4526 808 4574 in
833 4543 897 4574 m.
1207 4521 1229 4553 ⁶
1263 4523 1627 4589 praeferendas:
1664 4535 1744 4586 43.
2065 4522 2086 4556 ⁷
2118 4525 2458 4575 damnabiles:
2495 4526 2574 4590 63.
