3293 5225
719 478 947 528 FERIA
1008 478 1084 530 II.
1134 478 1576 530 DOMJNJCAE
1627 480 1674 529 I.
1740 476 2410 541 QUADRAGESJMAE.
2711 471 2776 534 89

928 689 996 759 {I
1030 683 1402 747 Secundum
1433 681 1786 748 Ioannem.1
1876 682 2090 746 Lectio
2121 681 2207 764 .ῂῖ

378 793 673 923 FActa
710 805 868 860 sunt
911 806 1135 859 autern
1183 796 1458 859 encenia
1490 796 1557 859 in
1604 795 2068 878 lerosolymis:
2247 790 2438 857 multi
2484 788 2781 856 credide-

524 889 678 944 runt
707 883 773 944 in
806 902 977 947 eum.

887 1026 955 1097 ΙΙ
997 1020 1220 1083 Tertia
1251 1021 1426 1084 lectio
1454 1022 1804 1084 secundum
1837 1020 1932 1084 M
1924 1016 2256 1085 attheum?

453 1131 515 1194 N
564 1132 678 1194 illo
722 1141 1039 1216 tempore.
1156 1134 1415 1197 Ductus
1459 1143 1562 1201 est
1627 1132 1811 1196 Iesus
1859 1132 1924 1196 in
1973 1132 2309 1195 desertum
2357 1150 2396 1193 a
2442 1127 2676 1211 spiritu
2708 1134 2779 1188 vt

480 1228 848 1283 tentaretur
876 1241 917 1282 a
948 1220 1234 1284 diabolo,
1327 1221 1417 1284 Et
1449 1240 1602 1283 cum
1650 1220 2009 1283 ieiunasset
2053 1218 2499 1302 quadraginta
2545 1213 2781 1278 diebus

371 1315 439 1369 et
471 1306 917 1389 quadraginta
942 1308 1269 1385 noctibuS,
1294 1317 1527 1390 postea
1556 1307 1808 1389 esurijt.
1901 1307 1991 1370 Et
2024 1307 2294 1388 reliqua.

978 1451 1046 1522 ΙΙ
1081 1442 1419 1520 Ηοηιείὶαῒ
1446 1444 1666 1509 sancti
1696 1443 1758 1509 G
1760 1444 2005 1527 regon's
2016 1454 2191 1526 pape.

388 1555 788 1686 DVbitari
821 1578 860 1620 a
893 1558 1295 1640 quibusdam
1330 1557 1500 1621 solet
1530 1578 1571 1621 a
1602 1578 1737 1640 quo
1768 1555 2103 1640 spiritum³
2121 1557 2208 1620 sit
2245 1556 2430 1619 Iesus
2451 1554 2690 1618 ductus
2714 1553 2778 1616 in

583 1642 935 1719 desertum,
998 1656 1269 1729 propter
1325 1645 1452 1708 hoc
1512 1645 1692 1728 quod
1756 1645 2076 1708 subditur.
2190 1642 2576 1724 Assumpsit
2627 1661 2781 1704 eum

376 1728 683 1794 diabolus
746 1732 809 1793 in
859 1743 1158 1796 sanctam
1209 1734 1595 1796 ciuitatem:
1642 1741 1710 1795 et
1757 1751 2058 1794 rursum:
2105 1730 2465 1812 assumpsit
2511 1749 2666 1792 eum
2715 1729 2778 1790 in

376 1826 674 1881 montem
737 1819 1076 1883 excelsum
1133 1820 1329 1883 valde
1376 1819 1511 1884 Sed
1573 1839 1727 1882 vere
1787 1821 1884 1881 et⁴
1927 1819 2180 1900 absque
2240 1817 2371 1880 vlla
2434 1817 2783 1899 questione

373 1907 847 1969 conuenienter
905 1907 1228 1988 accipitur
1270 1916 1341 1970 vt
1387 1927 1428 1970 a
1473 1916 1707 1970 sancto
1766 1906 2000 1988 spiritu
2050 1905 2114 1967 in
2162 1905 2498 1968 desertum
2546 1905 2786 1966 ductus

374 1991 681 2055 credatur
709 2003 781 2055 vt
813 1991 964 2056 illuc
1010 2014 1160 2057 eum
1194 2015 1352 2057 suus
1383 1994 1653 2077 spiritus
1699 1993 1987 2069 duceret,
2016 1993 2125 2055 vbi
2173 1993 2349 2055 hunc
2393 1990 2480 2054 ad
2527 1998 2790 2053 tentan-

379 2077 539 2142 dum
603 2080 869 2161 spiritus
927 2081 1259 2165 malignus
1307 2082 1651 2144 inueniret.
1745 2080 1878 2145 Sed
1928 2100 2083 2143 ecce
2127 2098 2279 2142 cum
2327 2078 2569 2142 dicitur
2620 2075 2785 2139 deus

377 2165 581 2229 homo
648 2167 751 2229 vel
830 2169 893 2230 in
973 2168 1313 2232 excelsum
1391 2180 1687 2231 montem
1751 2167 1852 2230 vel
1929 2168 1994 2231 in
2072 2176 2373 2230 sanctam
2446 2165 2785 2228 ciuitatem

377 2265 760 2336 assumptus
805 2274 845 2316 a
891 2254 1204 2320 diabolo:
1253 2276 1441 2318 mens
1486 2255 1768 2337 refugit:
1813 2252 2131 2317 humane⁵
2162 2253 2289 2316 hoc
2319 2252 2550 2316 audire
2594 2272 2787 2314 aures

379 2350 860 2423 expauescunt.
931 2341 1102 2406 Cum
1131 2354 1354 2407 tamen
1382 2363 1514 2405 non
1541 2363 1687 2406 esse
1720 2340 2126 2405 incredibilia
2160 2342 2285 2404 ista
2310 2340 2794 2423 cognoscimus,

375 2427 432 2489 si
494 2428 561 2489 in
608 2427 723 2491 illo
767 2438 835 2492 et
880 2428 1010 2492 alia
1070 2429 1245 2494 sacta
1307 2450 1680 2513 pensamus,
1793 2429 1988 2494 Certe
2049 2428 2424 2511 iniquorum
2487 2427 2786 2490 omnium

378 2514 686 2578 diabolus
718 2527 919 2598 caput
949 2528 1051 2581 est
1095 2526 1163 2581 et
1208 2518 1403 2581 huius
1448 2518 1686 2599 capitis
1734 2516 2034 2579 membra
2080 2525 2235 2578 sunt
2282 2535 2516 2578 omnes
2564 2514 2789 2594 iniqui.

384 2601 495 2665 An
529 2623 662 2666 non
695 2602 942 2668 diaboli
994 2605 1363 2668 membrum
1400 2604 1652 2669 Pilatus
1698 2602 1820 2667 fuit
1855 2603 1964 2667 An
2013 2623 2146 2666 non
2193 2601 2443 2667 diaboli
2491 2600 2790 2664 membra

382 2690 556 2752 iudei
606 2703 1080 2773 persequentes
1125 2702 1192 2756 et
1239 2693 1482 2756 milites
1527 2691 1988 2774 crucifigentes
2052 2689 2362 2753 fuerunt?
2424 2688 2585 2771 quid
2631 2708 2791 2769 ergo

383 2776 623 2840 mirum
659 2778 711 2840 si
744 2799 814 2841 se
846 2779 932 2841 ab
964 2778 1077 2843 illo
1124 2780 1423 2862 permisit
1455 2781 1520 2842 in
1571 2790 1869 2843 montem
1904 2778 2056 2841 duci
2103 2788 2170 2840 et
2217 2778 2491 2841 tentari:
2537 2776 2649 2857 qui
2698 2773 2793 2838 se⁶

384 2863 653 2947 pertulit
684 2866 885 2929 etiam
919 2886 959 2928 a
992 2868 1308 2947 membris
1352 2867 1525 2930 illius
1555 2865 1898 2948 crucifigi?
1934 2865 2087 2927 Non
2120 2875 2222 2928 est
2252 2883 2413 2947 ergo
2444 2864 2790 2944 indignum

381 2953 783 3035 redemptori
818 2964 1043 3016 nostro
1073 2954 1253 3035 quod
1285 2955 1525 3017 tentari
1556 2954 1768 3016 voluit
1791 2952 1902 3035 qui
1925 2962 2192 3015 venerat
2216 2951 2445 3015 occidi.
2533 2950 2791 3012 Iustum

384 3038 635 3121 quippe
665 3051 844 3104 erat:
876 3051 947 3103 vt
978 3041 1070 3104 sic
1104 3042 1505 3105 tentationes
1538 3050 1799 3105 nostras
1831 3041 1964 3102 suis
1998 3038 2477 3102 tentationibus
2505 3038 2792 3099 vinceret

383 3127 555 3190 sicut
588 3138 872 3190 mortem
906 3139 1200 3192 nostram
1231 3140 1503 3192 venerat
1536 3148 1656 3191 sua
1690 3137 1903 3191 morte
1935 3123 2286 3209 superare?

1480 3264 1724 3328 Gratia.

405 3376 683 3506 DEus
714 3376 829 3459 qui
860 3376 1209 3440 ecclesiam
1243 3387 1427 3440 tuam
1462 3396 1685 3440 annua
1726 3373 2286 3458 quadragesimali
2333 3371 2796 3471 obseruatione

569 3464 895 3547 purificaS,
985 3475 1206 3546 presta
1295 3463 1543 3527 familie
1634 3474 1748 3527 tue
1822 3475 1894 3526 vt
1970 3462 2151 3545 quod
2227 3482 2267 3524 a
2341 3470 2406 3524 te
2497 3459 2796 3523 obtinere

386 3550 789 3614 abstinendo
822 3551 1067 3628 nititur,
1097 3551 1223 3613 hoc
1257 3551 1447 3614 bonis
1479 3550 1789 3633 operibus
1820 3559 2195 3632 exequatur
2226 3599 2239 3613 .
2273 3568 2404 3632 per.

894 3694 962 3765 ΙΙ
996 3689 1189 3751 Feria
1217 3690 1495 3753 secunda
1524 3709 1603 3751 ex
1634 3684 1908 3750 Genesi.⁸
1993 3686 2213 3750 Lectio
2243 3686 2302 3751 ,ιζ

539 3802 676 3865 Ixit
709 3812 933 3865 autem
973 3802 1202 3865 Heber
1232 3802 1502 3885 triginta
1534 3809 1821 3883 quatuor
1851 3801 2061 3873 anniS,
2243 3809 2542 3862 mortuus
2591 3805 2691 3859 est
2732 3795 2795 3857 in

566 3890 818 3953 Haran.

957 4033 1025 4104 ΙΙ
1060 4027 1430 4091 Secundum
1461 4023 1816 4089 Ioannem.⁹
1905 4024 2122 4088 Lectio
2153 4024 2237 4099 ,2‘12

412 4141 674 4270 ERat
719 4151 942 4203 autem
992 4141 1265 4223 quidam
1316 4138 1639 4221 languens
1683 4138 1972 4201 Lazarus
2149 4135 2647 4199 consolarentur
2692 4153 2804 4197 cas

567 4229 652 4291 de
684 4227 883 4291 fratre
915 4247 1052 4291 suo,

491 4403 509 4435 ¹
545 4406 612 4466 [x.
644 4405 849 4466 22-·42.]
1380 4400 1403 4432 ²
1436 4418 1545 4467 cap.
1575 4416 1620 4463 4.
1653 4403 1711 4450 in
1736 4418 1799 4450 m.
2051 4399 2073 4429 ⁸
2106 4400 2311 4464 spiritu:
2349 4398 2412 4462 38
2434 4408 2529 4449 etc.

491 4469 513 4500 ⁴
544 4488 636 4519 om.
665 4470 745 4519 66.
1387 4466 1408 4497 ⁶
1441 4469 1690 4517 humana:
1727 4482 1805 4526 44.
2058 4462 2079 4495 ⁸
2110 4481 2204 4514 om.
2234 4464 2312 4528 38.

491 4535 513 4568 ⁷
548 4537 785 4585 Miserere
811 4545 887 4598 50.
915 4535 1026 4584 add.
1055 4534 1134 4598 63.
1391 4531 1412 4564 ⁸
1445 4533 1531 4594 [xi.
1567 4532 1765 4595 16-32.]
2058 4528 2081 4560 ⁹
2114 4531 2202 4581 Ca.
2239 4543 2311 4580 11.
2341 4531 2400 4578 in
2424 4547 2489 4580 m.
2518 4530 2606 4593 [xi.
2641 4531 2809 4593 1-19.]
