3293 5225
768 474 998 523 FERIA
1071 474 1157 523 Vl.
1222 474 1659 524 DOMJNJCAE
1712 474 1789 522 II.
1855 473 2530 537 QUADRAGESIMAE.
2773 483 2860 521 101

917 684 985 754 ([
1014 677 1081 740 F
1074 678 1213 740 eria
1242 688 1421 740 sexta
1450 698 1528 740 ex
1560 676 1832 756 anesist
1925 677 2139 741 Lectio
2154 678 2401 760 prima.

455 786 716 918 CVm
749 808 908 870 ergo
939 791 1378 852 surrexissent
1432 790 1588 851 inde
1619 789 1738 851 viri
1886 787 1994 851 ille
2028 809 2325 852 reuersus
2373 798 2475 852 est
2527 789 2591 851 in
2643 787 2860 850 locum

610 895 821 939 suum.

1020 1019 1088 1089 ([
1124 1013 1488 1076 Secundum
1522 1012 1875 1078 Ioannemf³
1965 1014 2176 1076 Lectio
2206 1015 2293 1095 ,ij.

459 1123 799 1252 ADhuc
855 1125 1065 1189 multa
1113 1125 1329 1225 habeo
1378 1126 1567 1188 vobis
1603 1125 1858 1189 dicere:
1924 1127 2039 1190 sed
2091 1146 2222 1189 non
2273 1125 2552 1209 potestis
2602 1135 2865 1207 portare

631 1212 833 1274 modo
979 1234 1106 1295 ego
1137 1214 1261 1275 vicl
1304 1212 1645 1276 mundum.

975 1380 1041 1449 (Ι
1085 1375 1307 1437 Tertia
1336 1374 1510 1437 lectio
1549 1376 1894 1437 secundum
1926 1376 2018 1437 M
2013 1375 2345 1438 attlzeum.³

541 1487 599 1548 N
639 1485 749 1548 illo
782 1496 1080 1569 tempore
1109 1511 1121 1549 :
1172 1487 1369 1549 Dixit
1406 1488 1589 1549 Iesus
1639 1486 1979 1569 discipulis
2012 1488 2146 1550 suis
2178 1497 2246 1550 et
2277 1487 2485 1550 turbis
2519 1486 2862 1548 iudeorum

567 1574 951 1655 parabolam
1002 1574 1187 1637 hanc.
1306 1574 1535 1637 Homo
1589 1584 1730 1637 erat
1782 1573 2255 1657 paterfamilias
2286 1598 2298 1637 :
2366 1575 2477 1655 qui
2536 1573 2866 1656 plantauit

454 1660 718 1722 vineam
753 1671 818 1723 et
850 1682 1006 1743 sepe
1038 1661 1451 1725 circundedit
1482 1682 1646 1724 eam.
1743 1662 1833 1723 Et
1865 1660 2131 1742 reliqua.

1022 1828 1088 1897 (Ι
1122 1821 1202 1884 H
1196 1823 1421 1884 omilia
1450 1823 1663 1885 sancti
1688 1822 2009 1903 ambrosij
2030 1823 2307 1905 episcopi.

473 1935 869 2065 PLerique
900 1935 1115 1997 varias
1146 1933 1662 2017 significationes
1694 1936 1777 1997 de
1823 1936 2014 1998 vinee
2062 1932 2500 2019 apellatione†
2543 1933 2869 1998 deriuant.

611 2021 744 2085 Sed
777 2023 1119 2084 euidenter
1153 2022 1406 2096 EsaiaS,
1435 2023 1697 2085 vineam
1738 2020 1991 2085 domini
2038 2023 2321 2086 sabaoth
2351 2022 2628 2085 domum
2667 2020 2869 2084 Israel

458 2129 604 2171 esse
651 2118 1147 2172 commemorat.
1243 2110 1441 2171 Hanc
1472 2111 1736 2172 vineam
1781 2111 1928 2190 quis
1960 2110 2125 2172 alius
2159 2111 2280 2173 nisi
2313 2112 2477 2172 deus
2525 2107 2871 2171 condidit?

463 2197 593 2258 Hic
642 2207 742 2258 est
785 2216 944 2277 ergo
990 2196 1101 2277 qui
1151 2195 1396 2258 locauit
1440 2217 1631 2259 eam:
1678 2207 1744 2259 et
1791 2217 2062 2280 peregre
2116 2196 2449 2279 profectus
2502 2205 2619 2260 est.
2715 2195 2869 2257 Non

459 2284 617 2365 quia
651 2304 737 2345 ex
772 2282 920 2345 loco
950 2283 1033 2346 ad
1070 2283 1287 2346 locum
1336 2283 1670 2365 profectus
1701 2294 1804 2347 est
1834 2282 2159 2353 dominus.
2194 2285 2304 2365 qui
2337 2283 2579 2364 vbique
2611 2302 2874 2365 semper

461 2390 730 2453 presens
776 2381 919 2432 est:
966 2368 1083 2432 sed
1130 2371 1284 2451 quia
1336 2372 1699 2452 presentior
1748 2381 1848 2434 est
1903 2371 2328 2454 diligentibus
2383 2369 2873 2451 negligentibus

460 2456 665 2520 abest.
762 2458 992 2519 Multis
1041 2466 1262 2520 autem
1320 2458 1729 2538 temporibus
1778 2457 2016 2520 abfuit4
2067 2479 2149 2520 ne
2201 2456 2507 2540 propera⁵
2543 2456 2875 2520 videretur

459 2546 744 2606 exactio,
862 2545 1037 2607 Nam
1100 2564 1235 2626 quo
1295 2545 1742 2628 indulgentior
1803 2544 2159 2608 liberalitas
2220 2566 2299 2607 eo
2361 2542 2877 2607 inexcusabilior

462 2634 829 2716 peruicacia
862 2632 1061 2695 Vnde
1115 2633 1285 2695 bene
1338 2632 1703 2695 secundum
1742 2633 2122 2696 Mattheum
2175 2632 2398 2708 habeS,
2432 2633 2587 2713 quia
2618 2640 2684 2694 et
2715 2651 2873 2713 sepe

462 2719 869 2782 circundedit
902 2740 1095 2782 eam:
1142 2721 1268 2782 hoc
1299 2730 1400 2782 est
1431 2718 1657 2782 diuine
1704 2721 2003 2783 custodie
2051 2720 2419 2782 munitione
2465 2717 2741 2781 vallauit
2787 2734 2896 2781 ne‘

463 2807 654 2869 facile
715 2816 974 2889 pateret
1036 2807 1400 2869 incursibus
1462 2807 1837 2870 bestiarum.
1952 2807 2040 2869 Et
2091 2806 2258 2869 fodit
2312 2806 2375 2868 in
2431 2826 2510 2868 ea
2569 2805 2873 2869 torcular.

466 2893 825 2976 Quomodo
872 2893 1302 2976 intelligimus
1335 2892 1493 2975 quid
1527 2895 1611 2956 sit
1643 2893 1929 2956 torcular
1978 2894 2100 2955 nisi
2132 2894 2288 2976 quia
2321 2894 2489 2956 forte
2519 2892 2756 2975 psalmi
2787 2890 2875 2955 de

464 2980 896 3046 torcularibus
960 2981 1441 3044 inscribuntur:
1513 3001 1593 3043 eo
1642 2980 1821 3062 quod
1881 2982 1946 3043 in
2001 2981 2102 3043 his
2166 2981 2482 3061 mysteria
2542 2979 2873 3042 dominice

462 3069 789 3151 passionis
849 3070 1054 3131 modo
1130 3066 1356 3130 mustiss
1417 3077 1652 3130 sancto
1712 3069 2009 3131 seruente
2084 3069 2315 3150 spiritu
2373 3066 2868 3150 prophetarum

461 3156 803 3218 ardentius
835 3153 1231 3219 ferbuerunt.
1324 3155 1632 3236 Denique
1687 3154 1845 3235 ebrij
1882 3155 2305 3237 putabantur,
2335 3155 2575 3236 quibus
2605 3154 2875 3235 spiritus

462 3251 733 3305 sanctus
809 3241 1193 3305 inundabat.
1271 3242 1454 3325 Ergo
1514 3254 1581 3304 et
1650 3243 1755 3304 hic
1816 3240 1984 3304 fodit
2058 3241 2359 3316 torcular,
2414 3242 2478 3303 in
2542 3260 2675 3322 quo
2749 3260 2900 3303 vue·

463 3330 801 3399 rationalis
833 3330 1081 3392 fructus
1114 3331 1382 3392 interior
1411 3330 1732 3410 spirituali
1783 3329 2109 3392 infusione
2157 3328 2492 3392 deflueret.
2586 3325 2875 3390 Edificat

463 3419 694 3481 turrim
728 3418 1041 3479 verticem
1097 3416 1346 3479 scilicet
1398 3417 1559 3500 legis
1610 3417 1960 3480 attollens:
2007 3427 2209 3498 atque
2263 3417 2355 3478 ita
2407 3415 2579 3478 hanc
2609 3416 2871 3477 vineam

465 3507 811 3578 munitam,
872 3506 1279 3578 instructam,
1340 3516 1662 3579 ornatam,
1725 3503 1969 3566 locauit
2049 3503 2287 3567 Iudeis
2412 3503 2501 3565 Et
2572 3512 2874 3584 tempore

466 3591 796 3654 fructuum
830 3611 1056 3653 seruos
1089 3611 1244 3653 suos
1278 3592 1472 3654 misit.
1566 3591 1748 3654 Bene
1798 3603 2062 3672 tempus
2101 3590 2427 3653 fructuum
2484 3590 2705 3671 posuit
2738 3608 2870 3651 non

464 3688 928 3761 prouentuum.
1024 3677 1263 3740 Nullus
1295 3680 1471 3741 enim
1505 3678 1754 3741 fructus
1786 3679 2014 3740 extitit
2047 3678 2410 3754 iudeorum,
2435 3675 2653 3739 nullus
2685 3676 2876 3738 vinee

462 3765 657 3829 huius
691 3762 1097 3847 prouentuS.⁷

1555 3902 1799 3967 OratiO.

480 4014 680 4144 DA
745 4033 1105 4095 quesumus
1167 4015 1591 4096 omnipotens
1651 4015 1852 4077 deus:
1943 4022 2012 4075 vt
2058 4034 2247 4076 sacro
2308 4033 2430 4075 nos
2490 4010 2879 4095 purificante

660 4102 943 4163 ieiunio:
1033 4101 1328 4182 synceris
1405 4102 1739 4164 mentibus
1813 4102 1898 4163 ad
1961 4097 2292 4163 sanctam⁸
2335 4110 2614 4163 ventura
2674 4098 2877 4162 facias

471 4189 828 4271 peruenire.
921 4188 1047 4250 Per
1075 4187 1441 4251 dominum.

598 4276 817 4338 Hodie
845 4275 1091 4337 dicitur
1116 4276 1513 4337 matutinum
1545 4275 2011 4354 defunctorum.

564 4409 581 4440 ¹
617 4410 770 4470 [xviii.
805 4410 1004 4473 16-33.]
1344 4408 1367 4439 ²
1400 4411 1518 4470 [xvi.
1554 4412 1754 4473 ¹2·33·]
2250 4407 2271 4439 ³
2305 4409 2393 4459 Ca.
2423 4422 2502 4458 21.
2531 4409 2590 4456 in
2613 4424 2679 4458 m.

563 4476 585 4505 ⁴
617 4475 803 4525 adsuit:
841 4474 918 4538 38.
1349 4474 1370 4504 ⁸
1441 4492 1752 4541 raepropera:
1789 4476 1867 4525 61.
1898 4476 1976 4539 63.
2040 4484 2337 4540 proptereat
2371 4488 2450 4536 49.
2479 4474 2558 4523 60.
2588 4473 2667 4523 66.

565 4539 586 4569 ⁶
620 4540 818 4590 iniusti:
856 4540 933 4603 38.
964 4553 1041 4603 39.
1345 4539 1366 4571 ⁷
1436 4542 1655 4591 iiserere.
1688 4552 1762 4605 50.
1791 4543 1904 4591 add.
1932 4542 2011 4604 63.
2247 4538 2268 4570 ⁸
2302 4541 2517 4590 Sancta:
2555 4551 2632 4602 39.
2662 4546 2755 4589 etc.
