3293 5225
692 430 793 479 400
1737 416 2074 467 LJTANJA.

1789 619 2034 684 Orati0.

843 734 945 797 Re
978 734 1132 816 igne
1163 733 1373 796 sancti
1400 732 1671 815 spiritus
1703 752 1890 796 renes
1921 741 2201 810 nostros
2230 743 2298 797 et
2330 753 2443 796 cor
2478 742 2798 796 nostrum
2827 732 3066 795 domine:

868 831 942 884 vt
1044 819 1163 883 tibi
1239 830 1425 885 casto
1528 840 1803 902 corpore
1908 820 2272 884 seruiamus
2335 844 2350 883 ε
2410 829 2484 883 et
2580 819 2840 884 mundo
2929 818 3067 882 corde

700 909 1096 992 placeamus,

1793 1043 2037 1108 Oratio,

719 1156 1123 1286 Fldelium
1189 1155 1354 1218 deus
1427 1155 1727 1219 omnium
1790 1155 2112 1233 conditor,
2171 1165 2239 1218 et
2315 1155 2739 1240 redemptor,
2797 1152 3075 1218 animabus

867 1243 1288 1319 famulorum,
1334 1240 1866 1324 famularumque
1913 1253 2175 1306 tuarum
2223 1245 2705 1307 remissionem
2752 1252 3073 1306 cunctorum

706 1331 919 1395 tribue
967 1339 1387 1414 peccatorum
1424 1339 1540 1392 :vt
1585 1329 2072 1411 indulgentiam
2119 1350 2321 1412 quam
2369 1351 2654 1414 semper
2698 1336 3077 1414 optauerunt:

705 1418 831 1502 pijs
860 1417 1456 1501 supplicationibus
1487 1426 1993 1498 consequantur.

1796 1553 2039 1618 Oratio,

715 1667 1130 1798 ACtiones
1189 1676 1449 1729 nostras
1511 1686 1873 1748 quesumus
1936 1667 2205 1730 domine
2265 1667 2644 1750 aspirando
2708 1663 2964 1750 preueni
2996 1685 3009 1723 ι
3037 1669 3081 1721 et

884 1752 1269 1817 adiuuando
1316 1773 1713 1836 prosequere
1746 1777 1759 1816 ε
1790 1764 1862 1817 vt
1888 1763 2147 1817 cuncta
2193 1765 2419 1817 nostra
2456 1756 2707 1830 oratiO‚
2739 1764 2809 1818 et
2850 1759 3079 1835 operans>

708 1863 748 1906 a
779 1852 846 1905 te
879 1861 1141 1924 semper
1170 1841 1444 1923 incipiat
1477 1865 1490 1903 :
1521 1850 1588 1904 et
1620 1862 1737 1924 per
1766 1850 1834 1903 te
1865 1851 2060 1923 cepta
2091 1840 2370 1906 finiatur.

1803 2003 2048 2068 Orati0.

718 2116 1256 2247 OMnipotens
1304 2116 1707 2198 sempiterne
1756 2115 1920 2179 deus
1956 2118 2069 2198 qui
2101 2117 2402 2180 vinorum
2435 2116 2822 2181 dominaris
2850 2109 3013 2175 simul
3033 2115 3077 2168 et

906 2212 1337 2280 mortuorum,
1367 2204 1803 2284 omniumque
1836 2203 2197 2267 misereris:
2242 2223 2411 2286 quos
2439 2214 2604 2268 tuos
2636 2203 2774 2267 fide
2824 2210 2889 2264 et
2932 2213 3075 2279 opeoe

716 2291 969 2354 futuros
1029 2311 1172 2353 esse
1234 2291 1608 2372 prenoscis:
1654 2299 1722 2353 te
1775 2290 2105 2373 supplices
2156 2311 2539 2369 exoramus,
2595 2301 2675 2354 vt
2730 2310 2852 2372 pro
2898 2283 3076 2367 quibus

713 2376 1053 2442 effundere
1087 2397 1313 2460 preces
1344 2377 1761 2441 decreuimus
1791 2397 2092 2460 quosque
2121 2378 2227 2441 vel
2259 2398 2534 2461 presens
2566 2376 2870 2442 seculum
2913 2369 3073 2435 adhuc

716 2466 781 2528 in
815 2485 1011 2528 carne
1045 2466 1298 2542 retinet,
1328 2464 1433 2527 vel
1466 2464 1759 2527 futurum
1795 2465 1926 2527 iam
1959 2475 2204 2528 exutos
2233 2485 2509 2547 corpore
2557 2463 2894 2547 suscepit:
2933 2460 3075 2520 inter-

715 2552 1105 2616 cedentibus
1136 2551 1447 2615 omnibus
1478 2551 1723 2615 sanctis
1772 2552 1903 2615 tuis
1957 2553 2221 2634 pietatis
2273 2560 2385 2615 tue
2416 2552 2788 2617 clementia
2836 2544 3071 2610 omnium

716 2640 1103 2704 delictorum
1131 2660 1397 2702 suorum
1423 2639 1686 2702 veniam
1713 2649 2219 2721 consequantur.
2311 2639 2434 2702 Per
2456 2640 2820 2704 dominum
2842 2641 3075 2698 nostmtn

720 2728 940 2790 Iesum
974 2726 1310 2792 Christum
1345 2725 1550 2789 filium
1584 2736 1810 2789 tuum:
1841 2727 1954 2808 qui
1987 2736 2207 2789 tecum
2239 2725 2421 2802 viuit,
2443 2736 2515 2789 et
2534 2735 2781 2809 regnat
2802 2725 2865 2786 in
2884 2719 3074 2782 vnitate

716 2815 983 2897 spiritus
1060 2814 1270 2876 sancti
1345 2813 1549 2876 deus:
1624 2834 1744 2896 per
1816 2814 2043 2876 omnia
2092 2813 2312 2877 secula
2366 2815 2771 2878 seculorum.
2856 2807 3073 2885 Respon-

713 2902 978 2965 sorium.
1071 2900 1311 2963 Amen.

864 2987 1115 3051 Versus.
1207 2986 1691 3050 Benedicamus
1721 2986 2014 3052 domin0.

844 3074 1358 3155 Responsorium.
1449 3074 1600 3137 Deo
1631 3075 1895 3155 gratias,

868 3161 1117 3225 Versus.
1210 3160 1537 3224 Fidelium
1571 3162 1795 3224 anime
1827 3182 1944 3243 per
1975 3160 2490 3225 misericordiam
2545 3162 2681 3226 Dei
2732 3149 3079 3239 requiescant

719 3250 785 3311 in
818 3268 1000 3332 pace.
1090 3248 1602 3329 Responsorium.
1697 3248 1938 3312 Amen.
