3293 5225
343 458 479 506 MAl.
510 458 585 520 3.]
1006 456 1389 507 INVENTIO
1420 458 1773 507 SANCTAE
1813 459 2090 509 CRUCIS.
2669 458 2760 509 281

952 665 1020 736 (Ι
1049 660 1174 722 Ad
1198 661 1597 723 matutinum
1630 660 2133 725 z’nm'tatorimn.¹

476 771 813 835 Christum
849 793 1070 855 regem
1105 772 1515 848 crucifixum,
1547 773 1769 835 venite
1802 773 2173 837 adoremus.
2269 773 2620 837 Halleluia.

472 860 798 941 Ilymnus,
891 860 1148 922 Lustris
1180 880 1319 922 sex.
1354 870 1432 923 vt.
1461 870 1679 941 supra.

475 946 868 1028 Antiplwna.
964 947 1247 1009 Inuente
1295 948 1506 1009 crucis
1552 947 1720 1011 festa
1764 946 2113 1011 recolimus
2146 949 2332 1011 cuius
2380 949 2762 1031 preconium

345 1055 460 1116 per
491 1035 868 1097 vniuersum
903 1034 1133 1097 orbern
1168 1034 1439 1097 micanti
1473 1033 1725 1097 lumine
1758 1034 1982 1117 fulget.
2077 1035 2431 1099 Halleluia.

1387 1171 1599 1233 Lectio
1630 1170 1744 1253 ,τ’ᾔ.

358 1284 491 1412 H
512 1282 727 1346 Elena
761 1282 1186 1347 Constantini
1235 1294 1448 1347 mater
1480 1283 1717 1346 mulier
1762 1284 2079 1366 religione
2109 1295 2176 1348 et
2224 1287 2472 1368 pietate
2507 1286 2766 1367 insigni,

537 1370 911 1433 diuinarum
962 1391 1177 1433 rerum
1226 1370 1449 1434 studio
1495 1382 1952 1453 nocturnoque
1983 1373 2125 1435 visu
2176 1372 2460 1455 impulsa
2512 1374 2763 1436 leroso-

345 1457 596 1539 lymam
633 1458 844 1539 petijt,
874 1467 945 1520 vt
976 1459 1381 1520 dominicam
1417 1468 1719 1539 quereret
1750 1479 2031 1536 crucem,
2054 1461 2229 1522 vnde
2260 1460 2554 1523 humana
2586 1460 2765 1523 salus

346 1544 788 1627 pependisset.
878 1545 1013 1608 Vbi
1047 1554 1271 1608 autem
1306 1545 1429 1607 hec
1470 1544 1737 1608 defossa
1768 1558 1909 1608 erat
1957 1547 2046 1608 ibi
2079 1567 2167 1609 ex
2202 1548 2524 1609 industria
2550 1547 2763 1611 fuerat

347 1631 627 1694 Veneris
659 1632 1131 1694 simulachrum
1166 1633 1602 1695 constitutum
1638 1634 1725 1695 ab
1759 1633 1979 1715 impijs
2027 1632 2179 1697 fidei
2214 1635 2760 1716 persecutoribuS,

347 1728 415 1780 vt
448 1739 647 1781 omne
680 1719 1010 1781 dominice
1035 1720 1360 1801 passionis
1396 1731 1902 1782 monumentum
1932 1721 2319 1785 aboleretur.
2411 1721 2503 1783 Et
2535 1722 2587 1784 si
2613 1723 2762 1803 quis

346 1806 741 1869 christianus
765 1826 846 1868 eo
870 1805 1018 1869 loco
1045 1805 1380 1870 Christum
1408 1805 1732 1883 adoraret,
1752 1807 2084 1870 Venerem
2110 1808 2445 1871 videretur
2468 1810 2762 1872 adorare.

348 1893 658 1957 Ceterum
707 1892 1110 1956 simulachro
1157 1891 1425 1956 deinde2
1456 1892 1717 1956 deiecto
1764 1894 2041 1976 locoque
2088 1895 2432 1959 ruderibus
2478 1906 2762 1978 purgato

346 2001 511 2042 crux
560 1990 817 2063 reperta
862 1993 980 2055 est,
1012 1991 1078 2043 et
1124 2001 1274 2043 cum
1323 2001 1401 2042 ea
1447 1980 1578 2043 due
1624 1981 1752 2043 alie
1798 1982 2037 2062 quibus
2085 1981 2269 2044 affixi
2319 1982 2580 2045 fuerant
2624 1983 2764 2045 duo

347 2067 647 2129 latrones,
742 2067 875 2131 Sed
925 2067 1325 2130 obturbabat
1372 2069 1609 2150 reperti
1660 2069 1949 2131 muneris
2011 2068 2286 2131 letitiam
2350 2071 2759 2132 vniuscuius-

348 2174 478 2235 que
515 2155 724 2217 crucis
770 2154 1126 2218 indiscreta
1175 2156 1561 2237 proprietas,
1656 2155 1912 2218 Aderat
1958 2155 2227 2235 quidem
2262 2165 2330 2218 et
2376 2157 2608 2220 titulus
2654 2157 2763 2219 ille

348 2243 461 2322 qui
493 2241 815 2317 hebraice,
846 2262 1039 2322 grece
1069 2251 1136 2304 et
1175 2242 1379 2303 latine
1410 2262 1450 2303 a
1486 2241 1701 2304 Pilato
1750 2242 1959 2304 suerat
2000 2245 2432 2325 conscriptuS,
2477 2243 2592 2306 sed
2643 2264 2762 2306 nec

348 2330 487 2410 ipse
537 2331 699 2391 satis
745 2328 1091 2391 euidenter
1137 2329 1454 2390 dominici
1507 2330 1834 2411 prodebat
1884 2330 2074 2411 signa
2122 2330 2416 2412 patibuli.
2513 2331 2766 2394 Diuino

345 2425 567 2478 autem
603 2415 919 2478 miraculo
952 2436 1113 2478 mox
1140 2426 1498 2478 consecuto
1530 2417 1747 2478 omnis
1780 2437 2044 2499 prorsus
2068 2418 2470 2499 ambiguitas
2501 2417 2765 2481 sublata

347 2514 464 2566 est.
557 2503 726 2567 Cum
775 2504 953 2564 enim
1006 2503 1336 2565 Macarius
1404 2502 1996 2584 lerosolymitanus
2058 2505 2407 2586 episcopus
2455 2505 2614 2568 fusis
2674 2506 2759 2567 ad

346 2590 542 2653 deum
580 2589 882 2673 precibus
913 2599 983 2653 vt
1030 2590 1095 2652 id
1130 2590 1468 2665 reuelaret‚
1499 2589 1737 2653 frustra
1771 2590 1935 2654 duas
1970 2590 2176 2653 nobili
2208 2591 2471 2654 cuidam
2521 2591 2765 2656 femine

349 2676 546 2758 longa
577 2677 951 2759 egritudine
983 2677 1282 2740 confecte
1327 2687 1395 2740 et
1441 2678 1571 2740 iam
1608 2699 1814 2760 prope
1860 2677 2170 2741 defuncte
2202 2680 2613 2741 admouisset
2646 2681 2761 2742 ad-

349 2774 532 2826 mota
575 2765 768 2827 tertia
801 2775 1072 2846 repente
1102 2765 1441 2846 adapertis
1471 2765 1678 2826 oculis
1712 2765 1946 2828 mulier
1976 2768 2417 2843 consurrexit,
2447 2776 2516 2829 et
2561 2767 2766 2829 stabi-

349 2849 532 2913 litate
565 2852 798 2913 virium
850 2862 1113 2933 recepta
1146 2852 1421 2913 alacrior
1468 2852 1682 2913 multo
1713 2871 1914 2932 quam
1948 2872 2098 2915 cum
2148 2873 2311 2915 sana
2360 2853 2588 2930 fuerat,
2620 2863 2765 2916 tota

348 2936 553 3000 domo
601 2938 982 3013 discurrere,
1031 2948 1098 3000 et
1154 2938 1580 3021 magnificare
1632 2937 1738 3001 dei
1794 2941 2163 3022 potentiam
2215 2941 2407 3022 cepit.
2502 2940 2764 3003 Helena

347 3026 550 3107 igitur
597 3024 887 3088 euidenti
937 3026 1182 3088 indicio
1228 3026 1366 3088 voti
1414 3045 1692 3108 compos
1741 3025 1933 3101 facta,
1962 3026 2289 3109 templum
2340 3026 2449 3089 vbi
2500 3048 2760 3090 crucem

349 3122 696 3194 repererat,
747 3112 1099 3195 magnifice
1147 3113 1540 3175 construxit.
1637 3113 1870 3194 Ibique
1926 3123 2182 3196 partem
2238 3116 2448 3177 crucis
2503 3115 2765 3195 reliquit

348 3198 556 3261 thecis
615 3200 947 3281 argenteis
1006 3199 1407 3275 conclusam,
1466 3208 1725 3282 partem
1790 3199 1925 3262 filio
1986 3200 2239 3264 detulit.
2349 3200 2553 3264 Cuius
2614 3223 2768 3284 pars

351 3297 583 3368 postea
616 3288 903 3369 reposita
949 3287 1072 3350 fuit
1113 3288 1329 3349 Rome
1362 3288 1424 3349 in
1460 3288 1584 3349 ede
1615 3289 2003 3364 sessoriana,
2034 3308 2163 3369 que
2194 3297 2423 3351 sancte
2454 3290 2663 3351 crucis
2696 3291 2762 3351 in

354 3372 709 3436 Ierusalem
775 3383 1157 3455 nuncupata
1217 3383 1333 3436 est.
1427 3374 1680 3437 Attulit
1753 3376 1956 3437 etiam
2019 3375 2244 3437 clauos
2319 3387 2469 3450 treS,
2524 3376 2769 3457 quibus

348 3460 572 3523 christi
627 3481 865 3542 corpus
918 3461 1130 3524 fuerat
1183 3460 1483 3524 affixum.
1574 3461 1875 3544 Quorum
1927 3483 2059 3525 vno
2115 3462 2596 3526 Constantinus
2644 3483 2766 3544 pro

349 3547 642 3610 amuleto
693 3549 757 3610 in
809 3568 979 3610 cono
1029 3548 1217 3631 galee
1267 3569 1420 3611 vsus
1468 3559 1583 3611 est.
1680 3548 1986 3612 Alterum
2037 3548 2277 3612 deiecit
2331 3550 2394 3611 in
2449 3570 2629 3611 mare
2679 3550 2765 3612 ad

346 3634 568 3698 fedam
594 3644 1063 3716 tempestatem
1085 3635 1656 3718 compescendam.
1750 3634 2108 3717 Reliquum
2133 3636 2406 3699 inseruit
2429 3636 2771 3700 bellatoris

345 3722 495 3802 equi
523 3723 724 3797 sren0‚
743 3733 1033 3786 veterem
1062 3722 1479 3805 prophetiam
1506 3722 1883 3805 adimplens
1907 3724 2065 3786 olim
2093 3724 2270 3786 enim
2298 3725 2390 3785 sic
2413 3723 2772 3787 Zacharias

346 3808 664 3891 propheta
701 3809 1126 3871 clamauerat.
1219 3810 1363 3872 Erit
1397 3810 1576 3891 quod
1610 3830 1807 3892 super
1850 3810 2105 3873 frenum
2141 3812 2291 3892 equi
2324 3820 2427 3873 est
2458 3822 2763 3873 sanctum

346 3896 636 3958 domino.
729 3894 862 3977 Qui
890 3894 1373 3960 Constantinus
1396 3898 1611 3979 legem
1648 3897 1798 3959 tulit
1825 3918 1907 3959 ne
1931 3899 2079 3979 quis
2104 3898 2416 3980 deinceps
2442 3898 2769 3980 supplicio

345 3984 554 4045 crucis
599 3981 982 4045 afficeretur.
1082 3984 1186 4046 Ita
1233 4005 1334 4046 res
1380 4004 1509 4066 que
1555 3994 1755 4047 antea
1804 3985 2195 4047 mortalibus
2229 3984 2472 4067 probro
2519 3984 2770 4047 fuerat:

346 4070 755 4132 venerationi
787 4090 931 4133 esse
963 4072 1154 4153 cepit.

1302 4204 1370 4275 (Ι
1400 4199 1524 4262 Ad
1544 4200 1786 4263 laudeS.

480 4311 875 4392 Anttpltona.
970 4311 1118 4374 Hec
1163 4320 1268 4373 est
1312 4312 1507 4374 arbor
1552 4310 1944 4393 dignissima
2006 4313 2073 4375 in
2122 4331 2255 4392 qua
2301 4313 2531 4375 salutis
2577 4322 2773 4376 autor

350 4399 613 4480 propria
646 4409 860 4461 morte
893 4409 1173 4463 mortem
1208 4399 1508 4462 omnium
1543 4400 1898 4481 superauit.
1994 4398 2350 4462 Halleluia.

639 4524 654 4554 ¹
690 4525 772 4576 die
797 4538 838 4589 3.
872 4528 929 4575 in
953 4543 1019 4576 m.
1986 4522 2008 4554 ²
2040 4525 2193 4575 inde:
2232 4537 2310 4588 39.
2341 4535 2435 4577 etc.
