3293 5225
346 471 475 522 tun.
508 472 619 534 24]
888 471 1312 521 NATIVITAS
1343 471 1397 521 S.
1435 471 1755 521 IOANNIS
1785 470 2229 520 BAPTJSTAE.
2672 471 2769 530 289

763 680 831 751 (Ι
860 675 1213 738 Natiuz'tas
1242 674 1514 738 Ioannis
1542 675 1816 757 baptiste
1844 675 2078 757 duplex
2105 675 2336 738 maius.

1130 788 1256 851 Ad
1279 798 1586 870 vesperas.
1675 787 1753 850 H
1737 808 2003 868 ymnus:

350 899 548 1027 VT
580 909 829 981 queant
861 900 1034 964 laxis
1066 920 1373 963 resonare
1406 900 1585 963 fibris
1617 901 1784 963 mira
1814 910 2151 983 gestorum
2186 898 2415 962 famuli
2459 908 2723 961 tuorum
2754 923 2768 963 :

533 987 736 1052 Solue
769 988 1003 1070 polluti
1038 987 1193 1069 labij
1230 997 1484 1050 reatum
1520 987 1769 1053 Sancte
1806 988 2111 1051 Ioannes,

479 1074 781 1138 Nuncius
819 1075 997 1138 celso
1041 1075 1314 1137 veniens
1360 1075 1655 1158 olymp0,
1687 1085 1753 1137 te
1786 1077 1956 1157 patri
2005 1094 2322 1155 magnum
2371 1072 2510 1135 fore
2556 1072 2768 1135 nasci-

343 1170 609 1225 turum:
643 1162 909 1225 Nomen
943 1171 1010 1225 et
1040 1163 1174 1225 vite
1206 1162 1439 1224 seriem
1474 1161 1764 1244 gerende
1798 1161 2054 1226 Ordine
2085 1162 2346 1244 promit.

485 1248 606 1312 Ille
666 1250 973 1331 promissi
1049 1249 1292 1312 dubius
1368 1251 1654 1332 superni,
1719 1247 2014 1312 Perdidit
2091 1258 2398 1332 prompte
2460 1246 2766 1309 modulos

347 1334 624 1416 loquele,
663 1336 796 1401 Sed
831 1337 1202 1400 reformasti
1233 1338 1499 1419 genitus
1531 1347 1874 1419 perempte
1905 1357 2158 1418 organa
2186 1336 2384 1398 vocis.

480 1423 753 1485 Ventris
812 1422 1108 1486 obtrusol
1163 1423 1486 1486 recubans
1545 1423 1746 1487 cubili
1812 1422 2130 1486 Senseras
2183 1441 2408 1504 regem
2469 1419 2766 1485 thalamo

349 1519 747 1573 manentem.
844 1510 1022 1573 Hinc
1057 1531 1292 1593 parens
1326 1512 1464 1573 nati
1498 1512 1749 1573 meritis
1780 1521 2054 1592 vterque
2086 1509 2345 1574 Abdita
2376 1507 2628 1592 pandit.

481 1595 708 1659 Gloria
741 1599 929 1680 patri,
951 1596 1317 1680 genitique2
1341 1597 1506 1680 proli
1533 1622 1545 1659 :
1581 1598 1673 1660 Et
1703 1597 1823 1660 tibi
1848 1618 2122 1680 compar
2144 1597 2486 1679 Vtriusque
2508 1615 2771 1677 semper

347 1680 639 1765 Spiritus
671 1683 844 1747 alme
875 1685 1040 1748 deus
1069 1706 1239 1748 vnus
1270 1687 1453 1748 omni
1486 1686 1819 1768 Tempore
1850 1686 2024 1750 secli.
2115 1686 2357 1748 Amen.

1391 1822 1451 1885 A
1463 1822 1681 1904 ntt'plto
1687 1844 1788 1886 na.

484 1933 767 1996 Ioannes
797 1944 898 1998 est
944 1954 1186 1998 nomen
1220 1936 1361 1997 eius
1392 1936 1619 1998 vinum
1654 1945 1723 1999 et
1753 1937 2027 1998 siceram
2064 1955 2195 1998 non
2231 1934 2433 2011 bibet,
2463 1942 2532 1996 et
2579 1932 2770 1995 multi

347 2022 415 2084 in
451 2023 800 2085 natiuitate
830 2023 970 2085 eius
1001 2023 1408 2104 gaudebunt.

1436 2159 1682 2224 Oratio.

364 2271 661 2401 DEuS,
695 2272 806 2354 qui
842 2281 1215 2355 presentem
1249 2273 1426 2335 diem
1470 2271 1925 2334 honorabilem
1962 2271 2154 2334 nobis
2185 2271 2250 2333 in
2286 2270 2462 2334 beati
2500 2270 2771 2369 Ioannis

532 2361 880 2422 natiuitate
911 2359 1141 2432 fecisti,
1168 2358 1255 2421 da
1289 2359 1552 2442 populis
1583 2360 1713 2421 tuis
1745 2358 2187 2442 spiritualium
2219 2359 2505 2440 gratiam
2539 2355 2771 2439 gaudi-

345 2466 578 2509 orum:
625 2455 693 2509 et
737 2447 1040 2509 omnium
1089 2445 1385 2508 fidelium
1421 2455 1677 2508 mentes
1707 2444 1919 2527 dirige
1952 2447 2017 2508 in
2052 2447 2228 2508 viam
2262 2444 2493 2508 salutis
2524 2454 2767 2506 eterne.

352 2552 485 2616 per.

959 2664 1026 2734 ΙΙ
1057 2658 1118 2721 A
1127 2659 1179 2721 d
1203 2659 1600 2722 matutinum
1634 2658 2139 2721 t'nuitatorz'um.³

484 2771 742 2852 Regem
777 2771 1172 2853 precursoris
1202 2769 1570 2847 dominum,
1600 2771 1822 2833 venite
1853 2770 2221 2833 adoremus,

1392 2907 1720 2989 Hymnus·

360 3020 672 3148 ANtra
703 3018 943 3083 deserti
976 3021 1217 3083 teneris
1249 3019 1374 3082 sub
1405 3021 1596 3082 annis
1629 3019 1893 3083 Ciuium
1927 3031 2180 3082 turmas
2213 3018 2474 3101 fugiens
2506 3018 2725 3101 petisti
2755 3042 2769 3081 :

533 3107 637 3170 Ne
669 3105 796 3169 leui
830 3107 1062 3170 saltem
1102 3106 1432 3170 maculare
1463 3107 1671 3169 vitam
1708 3108 1762 3168 F
1764 3108 1985 3169 amine
2018 3127 2263 3189 posses,

488 3193 756 3257 Prebuit
788 3194 1033 3257 hirtum
1090 3195 1381 3276 tegimen
1437 3195 1730 3257 camelus
1783 3194 2087 3257 Artulus⁴
2141 3193 2341 3255 sacris
2391 3192 2760 3274 strophium

354 3280 723 3344 bidentes⁵z
773 3281 896 3345 Cui
930 3280 1115 3345 latex
1147 3282 1480 3356 haustum,
1512 3282 1762 3344 sociata
1796 3291 2099 3363 pastum:
2135 3279 2339 3342 Mella
2370 3278 2660 3342 locustis

487 3367 706 3431 Ceteri
738 3378 999 3431 tantum
1032 3370 1328 3431 cecinere
1354 3380 1581 3432 vatum
1611 3368 1829 3433 Corde
1852 3389 2134 3450 presago
2155 3368 2344 3430 iubar
2361 3365 2720 3429 affuturum
2752 3390 2765 3429 :

357 3455 463 3517 Tu
499 3456 770 3536 quidem
807 3455 1035 3518 mundi
1067 3456 1282 3519 scelus
1316 3455 1723 3519 auferentem
1764 3456 1991 3518 Indice
2023 3453 2266 3537 prodis.

491 3542 645 3604 Non
680 3541 802 3605 fuit
832 3544 1001 3606 vasti
1033 3545 1324 3625 spatium
1358 3563 1476 3624 per
1506 3543 1683 3605 orbis
1732 3542 2039 3606 Sanctior
2090 3544 2441 3623 quisquam
2495 3542 2761 3623 genitus

363 3629 649 3692 Ioanne:
683 3628 816 3711 Qui
839 3630 1024 3691 nefas
1043 3631 1199 3693 secli
1222 3632 1463 3693 meruit
1484 3629 1821 3692 lauantem
1843 3630 2132 3711 Tingere
2157 3628 2443 3710 limphis,
2491 3627 2762 3691 Gloria.⁶

486 3716 549 3778 A
561 3717 887 3797 nttplzona.
979 3718 1370 3798 Priusquam
1403 3727 1471 3779 te
1504 3718 1855 3780 formarem
1890 3719 1955 3779 in
1989 3727 2174 3779 vtero
2207 3716 2363 3778 noui
2395 3724 2463 3777 te
2483 3724 2552 3777 et
2575 3724 2760 3778 ante-

353 3823 559 3884 quam
593 3803 1079 3887 progredereris
1110 3804 1518 3867 sanctificaui
1551 3815 1633 3867 te.

1311 3940 1528 4004 Lectio
1592 3941 1806 4004 tertia.

367 4052 817 4182 ZAcharias
867 4054 1193 4125 sacerdos
1247 4055 1346 4116 vir
1395 4055 1624 4129 iustuS,
1680 4063 1746 4115 et
1800 4056 2067 4135 egregia
2118 4055 2183 4116 in
2237 4053 2437 4116 deum
2494 4055 2761 4136 pietate,

574 4160 853 4204 vxorem
888 4141 1122 4203 habuit
1156 4140 1459 4204 Elizabet
1493 4160 1718 4223 parem
1741 4141 1864 4203 sibi
1891 4151 1957 4203 et
1984 4141 2278 4203 moribus
2301 4151 2367 4203 et
2390 4143 2760 4217 sanctitate,

454 4388 472 4419 ¹
506 4391 768 4441 obstruso:
806 4390 882 4454 38.
913 4406 992 4452 44.
1021 4404 1099 4452 49.
1130 4390 1209 4453 63.
1237 4389 1316 4440 66.
1388 4391 1648 4439 abstruso:
1685 4402 1762 4452 39.
1792 4403 1870 4451 41.
1900 4390 1977 4440 61.
2008 4390 2086 4452 64.

450 4453 474 4484 2
506 4457 808 4521 geniteque:
847 4448 925 4519 38.
955 4472 1112 4518 many
1133 4457 1236 4505 edd.
1374 4453 1396 4485 ³
1428 4455 1497 4504 di.
1528 4468 1605 4516 24.
1637 4457 1696 4503 in
1722 4472 1785 4504 m.
1968 4455 1989 4485 ⁴
2021 4456 2260 4505 artubus:
2298 4456 2375 4518 38.
2406 4465 2499 4507 etc.

453 4518 474 4549 ⁸
508 4521 771 4571 bibentes:
807 4534 886 4584 43.
916 4521 993 4570 61.
1371 4518 1393 4551 ⁶
1427 4522 1555 4585 patri
1589 4522 1854 4586 geniteque
1878 4522 2020 4586 proli.
2052 4530 2107 4570 vt
2138 4529 2294 4585 supra
2311 4537 2329 4570 .·
2361 4524 2472 4571 add.
2504 4534 2580 4586 39.
2612 4536 2691 4583 41.

453 4600 511 4650 Β.
545 4601 610 4651 R.
644 4601 714 4650 N.
2455 4603 2503 4653 U
