3293 5225
514 451 605 499 104
803 440 1033 489 FERIA
1091 441 1201 489 III.
1264 439 1706 489 DOMINICAE
1761 441 1868 489 ΙΙΙ.
1937 441 2610 502 QUADRAGESIMAE.

928 658 994 727 (I
1026 653 1223 715 Feria
1252 653 1526 715 secunda
1562 674 1642 714 ex
1675 650 1943 716 Genesi.¹
2035 653 2245 715 Lectio
2261 654 2506 734 prima.

520 763 952 893 ABraham
999 775 1225 828 autem
1261 785 1669 848 consurgens
1718 786 1914 828 mane
1947 765 2055 828 vbi
2103 773 2377 828 steterat
2424 766 2605 847 prius
2753 774 2944 846 pater

710 852 1252 915 Ammonitarum
1289 873 1495 934 vsque
1529 853 1746 915 hodie.

911 1043 1027 1104 Ex
1051 1043 1311 1124 epistola
1325 1042 1579 1125 prima2
1608 1044 1656 1106 J
1649 1043 1921 1108 oannisf’»
2007 1043 2224 1108 Lectio
2253 1045 2542 1109 secunda.

527 1153 820 1284 Fllioli
849 1155 997 1231 mei,
1020 1155 1138 1217 hec
1171 1156 1388 1218 scribo
1412 1156 1618 1232 vobis,
1642 1165 1713 1219 vt
1745 1177 1876 1218 non
1906 1157 2193 1239 peccetis
2343 1157 2499 1220 facit
2524 1156 2938 1219 voluntatem

690 1241 794 1304 dei
830 1242 1083 1305 manet*¹
1116 1242 1178 1303 in
1214 1253 1533 1305 eternum.

847 1419 915 1489 ([
958 1413 1179 1475 Tertia
1207 1413 1399 1477 lectio,
1430 1434 1635 1475 sermo
1665 1414 1878 1477 sancti
1903 1415 1964 1476 A
1976 1414 2277 1496 agustini
2302 1415 2580 1496 episcopi.

528 1524 951 1654 DOminus
981 1526 1165 1589 Deus
1192 1537 1418 1589 noster
1444 1525 1678 1589 nolens
1702 1526 1990 1607 aliquem
2019 1536 2319 1589 nostrum
2348 1527 2574 1609 perire,
2598 1525 2940 1589 excolens-5

706 1612 1053 1675 ecclesiam
1108 1634 1299 1676 suam
1356 1613 1538 1676 velut
1591 1634 1825 1695 agrum
1887 1634 2121 1676 suum:
2176 1634 2458 1695 querens
2515 1614 2798 1677 fructum
2853 1612 2940 1675 de

513 1700 855 1763 arboribus
900 1702 1068 1762 suis:
1111 1710 1472 1781 antequam
1520 1710 1787 1783 tempus
1833 1702 2078 1763 securis
2109 1701 2462 1764 adueniat:
2510 1699 2640 1763 cui⁶
2674 1720 2939 1763 necesse

512 1788 636 1848 erit
670 1786 1107 1850 infructuosas
1141 1788 1407 1851 arbores
1439 1798 1825 1869 amputare:
1860 1808 1991 1850 non
2027 1800 2242 1850 cessat
2277 1809 2400 1850 nos
2433 1787 2833 1850 admonere:
2866 1796 2936 1850 vt

512 1875 671 1936 dum
708 1884 973 1957 tempus
998 1884 1097 1937 est
1132 1874 1323 1937 nobis
1349 1894 1501 1936 cum
1529 1875 1635 1937 dei
1663 1876 1996 1937 adiutorio
2022 1898 2034 1937 :
2069 1876 2227 1937 dum
2257 1877 2321 1937 in
2350 1886 2577 1937 nostra
2602 1886 2935 1955 potestate

512 1961 833 2037 consistit,
887 1963 1063 2024 bona
1125 1982 1327 2043 opera
1391 1960 1728 2025 faciamus,
1820 1961 1990 2026 Cum
2048 1962 2224 2024 enim
2287 1963 2618 2024 transierit
2672 1973 2936 2043 tempus

513 2049 682 2110 bene
729 2049 1089 2130 operandi:
1139 2069 1270 2111 non
1315 2059 1521 2112 restat
1569 2050 1692 2110 nisi
1741 2049 2117 2131 recipiendi.
2211 2050 2429 2112 Nemo
2475 2049 2593 2112 tibi
2642 2049 2939 2111 dicturus

510 2144 611 2197 est
659 2144 809 2216 post
859 2136 1401 2199 resurrectionem
1465 2146 1872 2198 mortuorum
1928 2137 1991 2198 in
2049 2155 2253 2217 regno
2313 2137 2643 2203 celorum:
2707 2135 2937 2218 frange

512 2223 824 2285 esurienti
858 2242 1098 2304 panem
1133 2232 1342 2298 tuum,
1366 2233 1433 2285 et
1462 2242 1710 2304 egenos
1736 2243 2073 2306 vagosque
2107 2224 2303 2286 induc
2338 2225 2399 2285 in
2430 2224 2703 2286 domum
2737 2232 2944 2300 tuam,

512 2310 668 2390 quia
718 2330 847 2372 non
898 2310 1192 2372 inuenies
1239 2310 1639 2373 esurientem
1689 2330 1905 2390 neque
1951 2321 2279 2393 egentem.
2375 2311 2593 2372 Nemo
2639 2311 2936 2374 dicturus

503 2407 644 2458 est:
694 2396 885 2458 Vesti
934 2397 1206 2471 nudum,
1237 2398 1349 2460 vbi
1387 2395 1715 2460 omnium⁷
1763 2399 1988 2459 tunica
2036 2397 2428 2460 immortalis
2475 2398 2613 2460 erit.
2709 2397 2928 2459 Nemo

515 2484 810 2546 dicturus
842 2493 977 2546 est:
1027 2484 1305 2567 Suscipe
1339 2485 1742 2566 peregrinos
1775 2485 1884 2546 vbi
1923 2504 2157 2546 omnes
2192 2485 2256 2546 in
2293 2484 2508 2566 patria
2539 2505 2660 2547 sua
2692 2486 2937 2547 viuent.

517 2571 692 2633 Nam
743 2572 946 2634 modo
993 2591 1221 2635 sumus
1276 2571 1434 2635 inde
1481 2571 1827 2654 peregrini.
1921 2571 2141 2635 Nemo
2186 2570 2393 2635 enim⁸
2439 2571 2654 2636 dicet:
2718 2571 2937 2635 Visita

512 2679 764 2741 egrum,
815 2659 922 2721 vbi
969 2669 1070 2721 est
1117 2662 1521 2741 sempiterna
1567 2661 1836 2723 sanitas,
1961 2659 2181 2722 Nemo
2227 2660 2442 2723 dicet:
2493 2658 2713 2742 Sepeli
2764 2680 2935 2722 mor-

516 2756 704 2809 tuum
735 2746 843 2809 vbi
871 2767 1048 2809 mors
1076 2748 1409 2810 morietur.
1505 2747 1642 2809 Ista
1667 2748 1896 2809 omnia
1928 2747 2194 2829 pietatis
2218 2746 2435 2809 officia
2462 2747 2526 2809 in
2553 2748 2689 2809 vita
2712 2756 2943 2809 eterna

517 2835 888 2896 necessaria
924 2854 1054 2895 non
1090 2845 1284 2896 erunt
1315 2834 1425 2896 vbi
1460 2833 1603 2895 sola
1633 2854 1773 2915 pax
1807 2834 1928 2895 erit
1961 2843 2027 2896 et
2061 2833 2271 2896 letitia
2303 2832 2752 2916 sempiterna.⁹

1609 2952 1855 3017 OratiO.

522 3065 942 3197 COrdibus
999 3067 1236 3130 nostris
1289 3085 1651 3147 quesumus
1706 3066 1979 3129 domine
2031 3067 2313 3148 gratiam
2372 3077 2556 3130 tuam
2613 3065 2942 3148 benignus

676 3153 951 3215 infunde
976 3177 989 3216 ε
1016 3151 1141 3215 vt¹⁰
1164 3155 1333 3216 sicut
1358 3154 1444 3215 ab
1468 3155 1634 3216 escis
1660 3153 2114 3235 corporalibus
2138 3154 2567 3228 abstinemuS‚
2593 3154 2684 3216 ita
2710 3174 2941 3216 sensus

519 3259 784 3320 quoque
833 3251 1093 3303 nostros
1126 3261 1166 3303 a
1199 3240 1423 3320 noxijs
1456 3238 1916 3303 retrahamus¹¹
1951 3241 2351 3303 excessibus,
2446 3241 2569 3302 Per
2599 3241 2945 3303 dominum

518 3337 838 3390 nostrum.
872 3336 992 3391 etc.

1095 3470 1161 3539 (Ι
1192 3464 1391 3526 Feria
1422 3465 1534 3547 jis.
1566 3485 1644 3526 ex
1678 3462 1974 3528 Genesi.¹2
2063 3463 2275 3526 Lectio
2306 3465 2364 3529 ,ιζ

640 3576 959 3640 Rofectus
1006 3576 1159 3639 inde
1207 3577 1553 3640 Abraham
1605 3578 1669 3639 in
1720 3586 1963 3640 terram
2011 3577 2367 3640 australem
2535 3576 2716 3640 dices
2762 3577 2942 3657 quod

681 3663 884 3725 frater
914 3674 1069 3726 tuus
1101 3665 1245 3727 sim.

1054 3853 1120 3922 (Ι
1151 3848 1263 3911 Ex
1288 3835 1547 3930 eptktolci
1577 3850 1635 3914 .τ’.
1669 3848 2006 3914 Ioannisstss
2078 3851 2290 3913 Lectio
2319 3851 2406 3916 ,iel

650 3959 840 4037 Ilioli,
887 3962 1248 4023 nouissima
1293 3961 1455 4024 hora
1501 3972 1621 4038 est,
1659 3971 1726 4025 et
1773 3964 1943 4026 sicut
1989 3965 2267 4027 audistis
2314 3964 2470 4044 quia
2515 3964 2945 4027 antichristus

687 4048 870 4111 venit
1018 4049 1128 4129 qui
1164 4048 1321 4111 facit
1355 4050 1702 4127 iustitiam,
1732 4070 1820 4114 ex
1855 4052 2000 4133 ipso
2033 4061 2230 4113 natus
2262 4061 2380 4114 est.

608 4238 625 4270 ¹
661 4241 781 4301 [xix.
812 4239 1021 4304 27-38.]
1303 4240 1325 4271 ²
1357 4259 1450 4291 om.
1480 4240 1559 4291 66.
2220 4242 2241 4271 ³
2274 4242 2363 4293 Ca.
2396 4257 2424 4292 2
2449 4244 2506 4291 in
2531 4260 2595 4293 m.
2625 4244 2696 4304 [ii.
2732 4246 2902 4306 1-17.]

605 4304 627 4335 ⁴
659 4315 861 4355 manat:
898 4307 975 4370 38.
1299 4305 1319 4334 ⁶
1353 4308 1627 4357 extollens:
1665 4307 1744 4371 63.
2221 4306 2244 4336 ‘⁵
2276 4324 2424 4357 cum:
2463 4320 2540 4370 39.
2569 4322 2648 4370 41.
2678 4309 2757 4359 60.
2786 4310 2866 4359 61.

604 4369 625 4401 ⁷
658 4372 900 4421 omnino:
936 4371 1014 4421 66.
1295 4372 1317 4402 ὅ
1350 4373 1537 4422 etiam:
1575 4386 1654 4435 39.
1684 4387 1764 4434 41.
1793 4373 1873 4422 61.
1902 4373 1982 4434 64.
2218 4370 2240 4402 ⁹
2276 4373 2512 4423 Miserere
2537 4384 2614 4437 50.
2643 4376 2755 4425 add.
2786 4374 2867 4439 63.

608 4434 647 4465 ¹⁰
681 4437 771 4487 in:
808 4449 890 4498 41.
1827 4437 1862 4469 ¹¹
1900 4439 2243 4489 retrahamur:
2279 4439 2358 4488 61.

598 4499 642 4531 ¹²
675 4502 765 4552 Ca.
803 4515 869 4551 20
891 4504 947 4551 in
973 4519 1038 4551 m.
1112 4503 1214 4563 [xx.
1250 4505 1418 4566 1-13.]
1812 4502 1852 4534 ¹³
1885 4504 1956 4564 [ii.
1992 4503 2192 4566 18-29.]
