3293 5225
547 469 609 520 32
1167 454 1550 505 DOMINICA
1609 454 1853 504 PRIMA
1910 455 2022 504 AD
2034 454 2192 504 VEN
2193 456 2241 504 T
2243 456 2344 507 US.

1332 806 2168 907 [DOMINICALE.]

671 1040 733 1101 A
745 1039 1021 1101 duentus
1066 1038 1350 1102 Domini
1388 1051 1636 1121 semper
1680 1039 1908 1120 incipit
1935 1040 2005 1102 in
2037 1039 2360 1104 dominica
2377 1040 2684 1122 proxima
2727 1041 2954 1105 vltime

541 1126 678 1189 diei
713 1125 1104 1189 Novembris
1142 1137 1308 1203 ante,
1340 1127 1447 1189 vel
1464 1136 1617 1208 post
1638 1149 1664 1190 .·
1707 1136 1828 1188 aut
1855 1125 1925 1188 in
1957 1128 2096 1208 ipsa
2147 1127 2274 1189 die-¹
2329 1128 2562 1191 vltima
2583 1150 2607 1191 .·
2650 1128 2718 1190 si
2732 1129 2958 1208 suerit

540 1213 877 1293 dominica,
935 1223 999 1275 et
1037 1214 1291 1294 festum
1352 1213 1585 1294 duplex
1639 1214 1710 1276 in
1771 1234 1862 1291 ea,
1907 1214 2016 1276 vel
2053 1213 2122 1276 in
2165 1215 2569 1297 sequentibus
2612 1215 2955 1278 dominicis

536 1300 857 1362 aduentus
937 1299 1223 1362 incidens
1294 1301 1819 1381 transferendum
1910 1303 2044 1377 est,²
2120 1311 2194 1364 vt
2261 1313 2476 1383 supra,
2550 1302 2621 1364 in
2714 1303 2955 1384 regulis

526 1386 955 1470 generalibus.

1217 1514 1283 1584 ΙΙ
1327 1507 1678 1571 Dominica
1692 1509 1922 1590 prima
1948 1509 2282 1573 aduentus.

1455 1612 1580 1674 Ad
1601 1611 2065 1674 Matutt’num.³

553 1692 833 1829 PAter
893 1708 1116 1762 noster
1176 1698 1289 1781 qui
1357 1720 1427 1762 es
1504 1699 1569 1761 in
1649 1700 1824 1777 celiS,
1899 1699 2346 1763 sanctificetur
2420 1719 2662 1763 nomen
2739 1710 2948 1766 tuum.

690 1787 1033 1851 Adueniat
1065 1806 1342 1869 regnum
1376 1797 1564 1849 tuum
1602 1786 1753 1849 Fiat
1782 1787 2092 1850 voluntas
2133 1796 2250 1850 tua
2294 1787 2464 1850 sicut
2510 1787 2574 1850 in
2609 1787 2752 1850 celo
2781 1799 2848 1850 et
2882 1789 2948 1850 in

540 1884 737 1937 terra.
830 1875 1080 1937 Panem
1109 1882 1408 1936 nostrum
1441 1875 1908 1955 quotidianum
1934 1875 2024 1936 da
2047 1875 2241 1937 nobis
2263 1874 2478 1937 hodie.
2572 1874 2664 1937 Et
2684 1874 2949 1939 dimitte

543 1961 736 2024 nobis
787 1960 1014 2024 debita
1063 1969 1291 2023 nostra
1344 1960 1514 2023 sicut
1546 1971 1613 2023 et
1645 1981 1766 2023 nos
1816 1961 2217 2024 dimittimus
2248 1961 2658 2024 debitoribus
2689 1964 2946 2026 nostriS.

543 2048 634 2111 Et
694 2068 779 2111 ne
839 2068 961 2110 nos
1022 2046 1299 2110 inducas
1362 2049 1426 2109 in
1490 2048 1945 2112 tentationem.
2040 2047 2176 2113 Sed
2241 2048 2445 2112 libera
2491 2068 2613 2111 nos
2658 2069 2699 2111 a
2754 2050 2946 2112 malo,

542 2135 784 2198 Amen.

538 2226 560 2260 ⁴
569 2221 818 2352 AVe
880 2221 1110 2297 Maria,
1170 2221 1384 2302 gratia
1444 2221 1659 2303 plena,
1710 2222 2021 2284 dominus
2068 2231 2308 2297 tecum,
2358 2221 2710 2285 benedicta
2761 2233 2833 2287 tu
2882 2223 2946 2285 in

740 2309 1124 2372 mulieribus
1155 2318 1223 2371 et
1252 2307 1641 2372 benedictus
1687 2308 1938 2372 fructus
1968 2309 2216 2372 ventris
2261 2309 2357 2371 tui
2410 2309 2611 2373 Iesus,
2702 2309 2949 2374 Sancta

543 2396 757 2459 Maria
788 2407 999 2458 mater
1030 2394 1137 2458 dei
1182 2415 1297 2458 ora
1329 2415 1449 2477 pro
1480 2397 1676 2458 nobis
1707 2395 2178 2478 peccatoribus
2271 2396 2512 2459 Amen.

665 2515 731 2585 (Ι
778 2507 1179 2577 Notandum.
1210 2507 1387 2588 quod
1411 2508 1609 2570 Pater
1639 2517 1863 2570 noster
1891 2516 1955 2569 et
1982 2506 2137 2570 Aue
2171 2489 2401 2583 Maria,
2432 2528 2557 2570 non
2589 2517 2844 2570 tantum
2876 2508 2946 2570 in

538 2595 874 2673 matutino,
915 2595 1034 2658 sed
1084 2594 1280 2658 etiam
1344 2594 1413 2657 in
1471 2595 1753 2678 singulis
1803 2594 1960 2676 alijs
2009 2592 2189 2657 horis
2231 2595 2542 2658 dte-untur
2587 2607 2835 2678 semper
2874 2596 2944 2659 in

519 2684 842 2766 principio
858 2694 984 2764 per
1010 2692 1210 2745 totum
1241 2703 1506 2745 annum.

1581 2816 1922 2898 Confessio.

542 2922 975 3056 COnfiteor
1042 2922 1188 2985 Deo
1264 2922 1729 3004 omnipotenti,
1789 2920 1983 2983 beate
2062 2921 2275 2984 Marie
2350 2942 2614 3007 semper
2685 2923 2946 3005 virgini,

696 3011 898 3073 beato
964 3009 1276 3071 Michaeli
1337 3008 1739 3093 archangelo
1791 3007 1989 3071 beato
2048 3008 2282 3071 Ioanni
2333 3008 2653 3092 Baptiste,
2699 3012 2946 3074 sanctis

538 3097 859 3181 apostolis
915 3098 1111 3160 Petro
1159 3106 1227 3159 et
1278 3097 1503 3172 Paulo,
1556 3095 1867 3158 omnibus
1919 3094 2200 3171 SanctiS,
2247 3105 2313 3158 et
2360 3097 2480 3160 tibi
2530 3106 2734 3180 pater,
2787 3100 2945 3179 quia

540 3185 810 3268 peccaui
844 3184 1037 3246 nimis
1069 3183 1491 3266 cogitatione,
1523 3182 1743 3259 verb0,
1773 3190 1841 3244 et
1871 3201 2087 3263 opere,
2123 3183 2278 3246 Mea
2309 3183 2524 3266 culpa,
2556 3204 2706 3247 mea
2728 3186 2926 3267 culpa

538 3293 687 3336 mea
735 3272 1034 3334 maxima
1065 3271 1277 3353 culpa.
1373 3269 1536 3333 Ideo
1567 3289 1798 3351 precor
1825 3269 2093 3332 beatam
2130 3269 2413 3333 Mariam
2446 3292 2708 3353 semper
2751 3273 2948 3354 virgi-

538 3380 710 3435 nem,
742 3358 1012 3422 beatum
1065 3357 1463 3420 Michaelem
1495 3356 1984 3437 archangelum,
2018 3355 2288 3419 beatum
2328 3357 2648 3421 Ioannem
2684 3357 2942 3440 Baptis-

537 3457 695 3522 tam,
730 3454 995 3508 sanctos
1026 3445 1366 3527 apostolos
1400 3444 1668 3506 Petrum
1723 3453 1791 3505 et
1842 3442 2143 3519 Paulum,
2173 3464 2408 3507 omnes
2461 3456 2747 3523 sanctOS,
2777 3455 2843 3509 et
2876 3455 2942 3508 te

538 3545 727 3616 pater
757 3534 971 3596 orare⁵
1003 3552 1124 3614 pro
1157 3552 1265 3594 me
1297 3529 1643 3593 dominum
1679 3528 1908 3592 deum⁶
1939 3538 2258 3595 nostrum.

1515 3668 1581 3738 ΙΙ
1626 3663 1688 3724 Α
1700 3661 1983 3725 bsolutio.

544 3778 1042 3908 Mlsereatur
1101 3776 1195 3838 tui
1258 3775 1684 3856 omnipotens
1744 3774 1925 3849 deuS,
1986 3784 2052 3837 et
2113 3774 2401 3838 dimissis
2462 3777 2750 3858 peccatis
2809 3776 2940 3840 tuis

740 3866 1058 3946 perducat
1090 3874 1157 3926 te
1188 3863 1271 3924 ad
1305 3862 1510 3924 vitam
1544 3872 1861 3924 eternam.

663 3950 1188 4032 Responsorium⁷
1221 3949 1464 4012 Amen.
1572 3947 1634 4011 V
1627 3947 1850 4010 ersu5.⁸

546 4062 1115 4193 INdulgentiam,
1204 4060 1710 4137 absolutionem,
1797 4067 1863 4122 et
1954 4060 2406 4124 remissionem
2516 4072 2935 4144 peccatorum

642 4160 1015 4214 nostrorum
1063 4148 1310 4210 tribuat
1356 4147 1547 4210 nobis
1593 4146 2038 4228 omnipotens,
2082 4157 2150 4210 et
2198 4150 2561 4212 misericors
2608 4150 2936 4213 dominuS.

530 4232 1073 4320 Responsorium.7
1164 4234 1405 4297 Amen.

622 4390 641 4421 ¹
675 4391 809 4440 diei:
846 4403 926 4451 41.
1892 4388 1914 4417 ²
1943 4388 1999 4436 in
2022 4389 2152 4437 diem
2173 4396 2483 4453 sequentem:
2514 4391 2626 4439 adei.
2655 4390 2733 4452 63.
2762 4389 2842 4440 66.

624 4455 645 4487 ³
676 4458 835 4505 oratio
857 4455 1128 4504 Dominica
1147 4469 1165 4503 .·
1197 4454 1309 4502 arbi.
1337 4452 1416 4503 60.
1447 4452 1525 4502 61.
1554 4452 1633 4514 64.
1892 4452 1913 4483 ⁴
1946 4454 2200 4504 Salutatio
2221 4455 2464 4519 Angelica
2477 4470 2496 4503 .·
2517 4463 2604 4519 pr.
2633 4454 2713 4505 60.
2741 4455 2820 4505 61.
2849 4456 2930 4517 64.

618 4519 639 4552 ³
671 4529 845 4571 orate:
880 4520 960 4571 66.
1226 4515 1247 4549 ⁸
1277 4535 1371 4569 om.
1399 4518 1478 4582 63.
1507 4516 1585 4568 66.
1875 4516 1896 4551 '⁴'
1927 4535 2021 4570 om.
2048 4517 2127 4569 61.
2392 4517 2416 4551 ⁹
2445 4536 2538 4570 om.
2567 4532 2646 4584 39.
2674 4533 2757 4582 41.
