<?xml version="1.0" encoding="UTF-8"?>
<!DOCTYPE html PUBLIC "-//W3C//DTD XHTML 1.0 Transitional//EN"
    "http://www.w3.org/TR/xhtml1/DTD/xhtml1-transitional.dtd">
<html xmlns="http://www.w3.org/1999/xhtml" xml:lang="en" lang="en">
 <head>
  <title>
</title>
<meta http-equiv="Content-Type" content="text/html;charset=utf-8" />
  <meta name='ocr-system' content='tesseract 3.04.00' />
  <meta name='ocr-capabilities' content='ocr_page ocr_carea ocr_par ocr_line ocrx_word'/>
</head>
<body>
  <div class='ocr_page' id='page_1' title='image "./secondrecension00legggoog_0194.png"; bbox 0 0 3293 5225; ppageno 0'>
   <div class='ocr_carea' id='block_1_1' title="bbox 543 442 2481 492">
    <p class='ocr_par' dir='ltr' id='par_1_1' title="bbox 543 442 2481 492">
     <span class='ocr_line' id='line_1_1' title="bbox 543 442 2481 492; baseline 0 -2"><span class='ocrx_word' id='word_1_1' title='bbox 543 453 635 490; x_wconf 86' lang='lat'><strong>120</strong></span> <span class='ocrx_word' id='word_1_2' title='bbox 989 442 1219 491; x_wconf 84' lang='lat' dir='ltr'><em>FERIA</em></span> <span class='ocrx_word' id='word_1_3' title='bbox 1279 443 1375 491; x_wconf 81' lang='lat' dir='ltr'><strong>JV.</strong></span> <span class='ocrx_word' id='word_1_4' title='bbox 1439 443 1883 492; x_wconf 78' lang='lat' dir='ltr'><em>DOMJNJCAE</em></span> <span class='ocrx_word' id='word_1_5' title='bbox 1937 442 2047 490; x_wconf 88' lang='lat' dir='ltr'><strong>DE</strong></span> <span class='ocrx_word' id='word_1_6' title='bbox 2102 442 2481 491; x_wconf 76' lang='lat' dir='ltr'><strong><em>PASSJONE.</em></strong></span> 
     </span>
    </p>
   </div>
   <div class='ocr_carea' id='block_1_2' title="bbox 1157 668 2335 733">
    <p class='ocr_par' dir='ltr' id='par_1_2' title="bbox 1157 668 2335 733">
     <span class='ocr_line' id='line_1_2' title="bbox 1157 668 2335 733; baseline 0.001 -1"><span class='ocrx_word' id='word_1_7' title='bbox 1157 670 1377 732; x_wconf 82' lang='lat' dir='ltr'><strong>Tertia</strong></span> <span class='ocrx_word' id='word_1_8' title='bbox 1404 671 1582 733; x_wconf 85' lang='lat' dir='ltr'><strong>lectio</strong></span> <span class='ocrx_word' id='word_1_9' title='bbox 1609 671 1955 732; x_wconf 85' lang='lat' dir='ltr'><strong>secundum</strong></span> <span class='ocrx_word' id='word_1_10' title='bbox 1986 668 2335 733; x_wconf 76' lang='lat' dir='ltr'><strong>Ioannem.1</strong></span> 
     </span>
    </p>
   </div>
   <div class='ocr_carea' id='block_1_3' title="bbox 538 781 2945 1037">
    <p class='ocr_par' dir='ltr' id='par_1_3' title="bbox 538 781 2945 1037">
     <span class='ocr_line' id='line_1_3' title="bbox 624 781 2943 864; baseline -0 -20"><span class='ocrx_word' id='word_1_11' title='bbox 624 781 686 844; x_wconf 95' lang='lat' dir='ltr'>N</span> <span class='ocrx_word' id='word_1_12' title='bbox 750 782 864 845; x_wconf 91' lang='lat' dir='ltr'><strong>illo</strong></span> <span class='ocrx_word' id='word_1_13' title='bbox 922 791 1265 864; x_wconf 89' lang='lat' dir='ltr'><strong>tempore:</strong></span> <span class='ocrx_word' id='word_1_14' title='bbox 1345 781 1760 845; x_wconf 92' lang='lat' dir='ltr'><strong>Ambulabat</strong></span> <span class='ocrx_word' id='word_1_15' title='bbox 1828 781 2012 844; x_wconf 91' lang='lat' dir='ltr'><strong>Iesus</strong></span> <span class='ocrx_word' id='word_1_16' title='bbox 2075 783 2138 844; x_wconf 94' lang='lat' dir='ltr'><strong>in</strong></span> <span class='ocrx_word' id='word_1_17' title='bbox 2190 781 2537 857; x_wconf 85' lang='lat' dir='ltr'><strong>Galileam,</strong></span> <span class='ocrx_word' id='word_1_18' title='bbox 2583 801 2714 844; x_wconf 88' lang='lat' dir='ltr'><strong>non</strong></span> <span class='ocrx_word' id='word_1_19' title='bbox 2765 782 2943 843; x_wconf 90' lang='lat' dir='ltr'><strong>enim</strong></span> 
     </span>
     <span class='ocr_line' id='line_1_4' title="bbox 649 867 2945 951; baseline -0.001 -19"><span class='ocrx_word' id='word_1_20' title='bbox 649 868 913 932; x_wconf 89' lang='lat' dir='ltr'><strong>volebat</strong></span> <span class='ocrx_word' id='word_1_21' title='bbox 966 871 1029 931; x_wconf 87' lang='lat' dir='ltr'><strong>in</strong></span> <span class='ocrx_word' id='word_1_22' title='bbox 1085 867 1389 932; x_wconf 76' lang='lat' dir='ltr'><strong>1udearn2</strong></span> <span class='ocrx_word' id='word_1_23' title='bbox 1442 869 1826 931; x_wconf 87' lang='lat' dir='ltr'><strong>ambulare:</strong></span> <span class='ocrx_word' id='word_1_24' title='bbox 1894 871 2051 950; x_wconf 91' lang='lat' dir='ltr'><strong>quia</strong></span> <span class='ocrx_word' id='word_1_25' title='bbox 2111 869 2476 951; x_wconf 86' lang='lat' dir='ltr'>querebant</span> <span class='ocrx_word' id='word_1_26' title='bbox 2536 889 2687 931; x_wconf 91' lang='lat' dir='ltr'><strong>eum</strong></span> <span class='ocrx_word' id='word_1_27' title='bbox 2759 868 2945 931; x_wconf 88' lang='lat' dir='ltr'><strong>Iudei</strong></span> 
     </span>
     <span class='ocr_line' id='line_1_5' title="bbox 538 955 1403 1037; baseline 0.002 -19"><span class='ocrx_word' id='word_1_28' title='bbox 538 955 919 1020; x_wconf 87' lang='lat' dir='ltr'><strong>interficere.</strong></span> <span class='ocrx_word' id='word_1_29' title='bbox 1013 956 1104 1019; x_wconf 90' lang='lat' dir='ltr'><strong>Et</strong></span> <span class='ocrx_word' id='word_1_30' title='bbox 1136 956 1403 1037; x_wconf 88' lang='lat' dir='ltr'><strong>reliqua.</strong></span> 
     </span>
    </p>
   </div>
   <div class='ocr_carea' id='block_1_4' title="bbox 1072 1118 2419 1200">
    <p class='ocr_par' dir='ltr' id='par_1_4' title="bbox 1072 1118 2419 1200">
     <span class='ocr_line' id='line_1_6' title="bbox 1072 1118 2419 1200; baseline 0 -20"><span class='ocrx_word' id='word_1_31' title='bbox 1072 1125 1139 1195; x_wconf 72' lang='lat'><strong>(1</strong></span> <span class='ocrx_word' id='word_1_32' title='bbox 1172 1118 1473 1182; x_wconf 82' lang='lat' dir='ltr'><strong>Homilia</strong></span> <span class='ocrx_word' id='word_1_33' title='bbox 1501 1119 1718 1180; x_wconf 82' lang='lat' dir='ltr'><strong>sancti</strong></span> <span class='ocrx_word' id='word_1_34' title='bbox 1741 1119 2116 1200; x_wconf 77' lang='lat' dir='ltr'><em>Augustini</em></span> <span class='ocrx_word' id='word_1_35' title='bbox 2140 1118 2419 1199; x_wconf 79' lang='lat' dir='ltr'><em>episcopi.</em></span> 
     </span>
    </p>
   </div>
   <div class='ocr_carea' id='block_1_5' title="bbox 524 1229 2946 2967">
    <p class='ocr_par' dir='ltr' id='par_1_5' title="bbox 686 1229 2943 1306">
     <span class='ocr_line' id='line_1_7' title="bbox 686 1229 2943 1306; baseline -0.001 -12"><span class='ocrx_word' id='word_1_36' title='bbox 686 1229 974 1294; x_wconf 87' lang='lat' dir='ltr'><strong>Ominus</strong></span> <span class='ocrx_word' id='word_1_37' title='bbox 1037 1241 1261 1294; x_wconf 90' lang='lat' dir='ltr'><strong>noster</strong></span> <span class='ocrx_word' id='word_1_38' title='bbox 1318 1231 1500 1293; x_wconf 88' lang='lat' dir='ltr'><strong>Iesus</strong></span> <span class='ocrx_word' id='word_1_39' title='bbox 1552 1230 1856 1294; x_wconf 89' lang='lat' dir='ltr'><strong>Christus</strong></span> <span class='ocrx_word' id='word_1_40' title='bbox 1920 1230 2104 1293; x_wconf 91' lang='lat' dir='ltr'><strong>Deus</strong></span> <span class='ocrx_word' id='word_1_41' title='bbox 2164 1240 2232 1293; x_wconf 90' lang='lat' dir='ltr'><strong>et</strong></span> <span class='ocrx_word' id='word_1_42' title='bbox 2292 1230 2513 1306; x_wconf 92' lang='lat' dir='ltr'><strong>homo,</strong></span> <span class='ocrx_word' id='word_1_43' title='bbox 2566 1232 2731 1292; x_wconf 89' lang='lat' dir='ltr'><strong>deus</strong></span> <span class='ocrx_word' id='word_1_44' title='bbox 2790 1249 2943 1292; x_wconf 90' lang='lat' dir='ltr'><strong>cum</strong></span> 
     </span>
    </p>

    <p class='ocr_par' dir='ltr' id='par_1_6' title="bbox 524 1317 2946 2967">
     <span class='ocr_line' id='line_1_8' title="bbox 715 1317 2944 1401; baseline 0 -21"><span class='ocrx_word' id='word_1_45' title='bbox 715 1328 903 1401; x_wconf 93' lang='lat' dir='ltr'><strong>patre</strong></span> <span class='ocrx_word' id='word_1_46' title='bbox 962 1339 1243 1401; x_wconf 87' lang='lat' dir='ltr'><strong>semper,</strong></span> <span class='ocrx_word' id='word_1_47' title='bbox 1290 1318 1493 1381; x_wconf 93' lang='lat' dir='ltr'><strong>homo</strong></span> <span class='ocrx_word' id='word_1_48' title='bbox 1553 1318 1900 1380; x_wconf 92' lang='lat' dir='ltr'><strong>nobiscum</strong></span> <span class='ocrx_word' id='word_1_49' title='bbox 1963 1338 2053 1379; x_wconf 86' lang='lat' dir='ltr'><strong>ex</strong></span> <span class='ocrx_word' id='word_1_50' title='bbox 2116 1329 2431 1399; x_wconf 87' lang='lat' dir='ltr'><strong>tempore.</strong></span> <span class='ocrx_word' id='word_1_51' title='bbox 2565 1317 2718 1379; x_wconf 92' lang='lat' dir='ltr'><strong>Non</strong></span> <span class='ocrx_word' id='word_1_52' title='bbox 2766 1318 2944 1380; x_wconf 87' lang='lat' dir='ltr'><strong>enim</strong></span> 
     </span>
     <span class='ocr_line' id='line_1_9' title="bbox 524 1403 2945 1487; baseline -0 -19"><span class='ocrx_word' id='word_1_53' title='bbox 524 1415 837 1486; x_wconf 45' lang='lat' dir='ltr'><strong>¹quereret</strong></span> <span class='ocrx_word' id='word_1_54' title='bbox 898 1405 1076 1487; x_wconf 88' lang='lat' dir='ltr'><strong>quod</strong></span> <span class='ocrx_word' id='word_1_55' title='bbox 1139 1405 1421 1468; x_wconf 87' lang='lat' dir='ltr'>fecerat:</span> <span class='ocrx_word' id='word_1_56' title='bbox 1485 1405 1605 1466; x_wconf 90' lang='lat' dir='ltr'><strong>nisi</strong></span> <span class='ocrx_word' id='word_1_57' title='bbox 1672 1406 1811 1486; x_wconf 89' lang='lat' dir='ltr'><strong>ipse</strong></span> <span class='ocrx_word' id='word_1_58' title='bbox 1871 1407 2049 1485; x_wconf 91' lang='lat' dir='ltr'><strong>quod</strong></span> <span class='ocrx_word' id='word_1_59' title='bbox 2108 1404 2368 1480; x_wconf 86' lang='lat' dir='ltr'>fecerat,</span> <span class='ocrx_word' id='word_1_60' title='bbox 2415 1403 2552 1466; x_wconf 90' lang='lat' dir='ltr'><strong>fieri</strong></span> <span class='ocrx_word' id='word_1_61' title='bbox 2613 1403 2945 1467; x_wconf 88' lang='lat' dir='ltr'><strong>voluisset.</strong></span> 
     </span>
     <span class='ocr_line' id='line_1_10' title="bbox 532 1490 2946 1555; baseline -0.001 -1"><span class='ocrx_word' id='word_1_62' title='bbox 532 1492 787 1555; x_wconf 88' lang='lat' dir='ltr'><strong>Verum</strong></span> <span class='ocrx_word' id='word_1_63' title='bbox 821 1492 946 1555; x_wconf 93' lang='lat' dir='ltr'><strong>hoc</strong></span> <span class='ocrx_word' id='word_1_64' title='bbox 980 1503 1387 1555; x_wconf 85' lang='lat' dir='ltr'><strong>mementote</strong></span> <span class='ocrx_word' id='word_1_65' title='bbox 1416 1517 1428 1554; x_wconf 91' lang='lat'>:</span> <span class='ocrx_word' id='word_1_66' title='bbox 1464 1502 1531 1554; x_wconf 90' lang='lat' dir='ltr'><strong>et</strong></span> <span class='ocrx_word' id='word_1_67' title='bbox 1561 1491 1673 1553; x_wconf 76' lang='lat' dir='ltr'><strong>3de</strong></span> <span class='ocrx_word' id='word_1_68' title='bbox 1706 1492 2014 1554; x_wconf 86' lang='lat' dir='ltr'>cordibus</span> <span class='ocrx_word' id='word_1_69' title='bbox 2045 1493 2280 1554; x_wconf 88' lang='lat' dir='ltr'><strong>vestris</strong></span> <span class='ocrx_word' id='word_1_70' title='bbox 2312 1490 2543 1553; x_wconf 82' lang='lat' dir='ltr'><strong>nolite³</strong></span> <span class='ocrx_word' id='word_1_71' title='bbox 2573 1490 2946 1555; x_wconf 87' lang='lat' dir='ltr'><strong>dimittere:</strong></span> 
     </span>
     <span class='ocr_line' id='line_1_11' title="bbox 531 1577 2944 1654; baseline -0 -12"><span class='ocrx_word' id='word_1_72' title='bbox 531 1580 624 1642; x_wconf 89' lang='lat' dir='ltr'><strong>sic</strong></span> <span class='ocrx_word' id='word_1_73' title='bbox 677 1600 824 1642; x_wconf 89' lang='lat' dir='ltr'><strong>esse</strong></span> <span class='ocrx_word' id='word_1_74' title='bbox 874 1579 1212 1643; x_wconf 85' lang='lat' dir='ltr'><strong>Christum</strong></span> <span class='ocrx_word' id='word_1_75' title='bbox 1263 1579 1601 1642; x_wconf 92' lang='lat' dir='ltr'><strong>hominem</strong></span> <span class='ocrx_word' id='word_1_76' title='bbox 1636 1579 1906 1654; x_wconf 87' lang='lat' dir='ltr'><strong>factum,</strong></span> <span class='ocrx_word' id='word_1_77' title='bbox 1937 1589 2006 1641; x_wconf 86' lang='lat' dir='ltr'><strong>vt</strong></span> <span class='ocrx_word' id='word_1_78' title='bbox 2041 1598 2173 1640; x_wconf 91' lang='lat' dir='ltr'><strong>non</strong></span> <span class='ocrx_word' id='word_1_79' title='bbox 2207 1579 2533 1641; x_wconf 90' lang='lat' dir='ltr'><strong>destiterit</strong></span> <span class='ocrx_word' id='word_1_80' title='bbox 2570 1577 2753 1640; x_wconf 91' lang='lat' dir='ltr'><strong>Deus</strong></span> <span class='ocrx_word' id='word_1_81' title='bbox 2786 1598 2944 1641; x_wconf 87' lang='lat' dir='ltr'><strong>esse.</strong></span> 
     </span>
     <span class='ocr_line' id='line_1_12' title="bbox 537 1665 2944 1748; baseline -0 -20"><span class='ocrx_word' id='word_1_82' title='bbox 537 1667 820 1730; x_wconf 87' lang='lat' dir='ltr'><strong>Manens</strong></span> <span class='ocrx_word' id='word_1_83' title='bbox 882 1667 1047 1729; x_wconf 88' lang='lat' dir='ltr'><strong>deus</strong></span> <span class='ocrx_word' id='word_1_84' title='bbox 1105 1668 1361 1748; x_wconf 89' lang='lat' dir='ltr'><strong>accepit</strong></span> <span class='ocrx_word' id='word_1_85' title='bbox 1423 1666 1762 1728; x_wconf 91' lang='lat' dir='ltr'><strong>hominem</strong></span> <span class='ocrx_word' id='word_1_86' title='bbox 1810 1667 1922 1747; x_wconf 93' lang='lat' dir='ltr'><strong>qui</strong></span> <span class='ocrx_word' id='word_1_87' title='bbox 1974 1666 2128 1728; x_wconf 85' lang='lat' dir='ltr'><strong>fecit</strong></span> <span class='ocrx_word' id='word_1_88' title='bbox 2182 1667 2536 1728; x_wconf 87' lang='lat' dir='ltr'><strong>hominem.</strong></span> <span class='ocrx_word' id='word_1_89' title='bbox 2652 1665 2944 1747; x_wconf 76' lang='lat' dir='ltr'><strong>Quando</strong></span> 
     </span>
     <span class='ocr_line' id='line_1_13' title="bbox 530 1751 2943 1835; baseline -0.001 -19"><span class='ocrx_word' id='word_1_90' title='bbox 530 1774 691 1835; x_wconf 84' lang='lat' dir='ltr'><strong>ergo</strong></span> <span class='ocrx_word' id='word_1_91' title='bbox 739 1754 931 1817; x_wconf 89' lang='lat' dir='ltr'><strong>latuit</strong></span> <span class='ocrx_word' id='word_1_92' title='bbox 963 1763 1034 1816; x_wconf 91' lang='lat' dir='ltr'><strong>vt</strong></span> <span class='ocrx_word' id='word_1_93' title='bbox 1079 1754 1322 1816; x_wconf 91' lang='lat' dir='ltr'><strong>homo:</strong></span> <span class='ocrx_word' id='word_1_94' title='bbox 1368 1774 1501 1815; x_wconf 91' lang='lat' dir='ltr'><strong>non</strong></span> <span class='ocrx_word' id='word_1_95' title='bbox 1550 1754 1950 1835; x_wconf 66' lang='lat' dir='ltr'><strong>potentiam*</strong></span> <span class='ocrx_word' id='word_1_96' title='bbox 1987 1751 2354 1835; x_wconf 85' lang='lat' dir='ltr'><strong>perdidisse</strong></span> <span class='ocrx_word' id='word_1_97' title='bbox 2407 1753 2746 1833; x_wconf 90' lang='lat' dir='ltr'><strong>putandus</strong></span> <span class='ocrx_word' id='word_1_98' title='bbox 2798 1763 2943 1816; x_wconf 87' lang='lat' dir='ltr'><strong>est:</strong></span> 
     </span>
     <span class='ocr_line' id='line_1_14' title="bbox 530 1839 2946 1922; baseline -0.001 -19"><span class='ocrx_word' id='word_1_99' title='bbox 530 1842 647 1903; x_wconf 88' lang='lat' dir='ltr'><strong>sed</strong></span> <span class='ocrx_word' id='word_1_100' title='bbox 701 1840 1089 1922; x_wconf 85' lang='lat' dir='ltr'><strong>exemplum</strong></span> <span class='ocrx_word' id='word_1_101' title='bbox 1141 1850 1364 1902; x_wconf 89' lang='lat' dir='ltr'><strong>nostre</strong></span> <span class='ocrx_word' id='word_1_102' title='bbox 1418 1839 1784 1903; x_wconf 87' lang='lat' dir='ltr'><strong>infirmitati</strong></span> <span class='ocrx_word' id='word_1_103' title='bbox 1839 1840 2192 1920; x_wconf 87' lang='lat' dir='ltr'><strong>prebuisse.</strong></span> <span class='ocrx_word' id='word_1_104' title='bbox 2292 1839 2409 1902; x_wconf 90' lang='lat' dir='ltr'><strong>Ille</strong></span> <span class='ocrx_word' id='word_1_105' title='bbox 2461 1841 2639 1902; x_wconf 90' lang='lat' dir='ltr'><strong>enim</strong></span> <span class='ocrx_word' id='word_1_106' title='bbox 2673 1841 2946 1920; x_wconf 90' lang='lat' dir='ltr'><strong>quando</strong></span> 
     </span>
     <span class='ocr_line' id='line_1_15' title="bbox 533 1926 2944 2009; baseline -0.001 -19"><span class='ocrx_word' id='word_1_107' title='bbox 533 1928 744 1991; x_wconf 89' lang='lat' dir='ltr'><strong>voluit</strong></span> <span class='ocrx_word' id='word_1_108' title='bbox 776 1928 1088 1991; x_wconf 89' lang='lat' dir='ltr'><strong>detentus</strong></span> <span class='ocrx_word' id='word_1_109' title='bbox 1106 1936 1224 2004; x_wconf 87' lang='lat' dir='ltr'><strong>est,</strong></span> <span class='ocrx_word' id='word_1_110' title='bbox 1247 1927 1518 2009; x_wconf 91' lang='lat' dir='ltr'><strong>quando</strong></span> <span class='ocrx_word' id='word_1_111' title='bbox 1550 1927 1759 1989; x_wconf 87' lang='lat' dir='ltr'><strong>voluit</strong></span> <span class='ocrx_word' id='word_1_112' title='bbox 1784 1927 2039 1988; x_wconf 87' lang='lat' dir='ltr'><strong>occisus</strong></span> <span class='ocrx_word' id='word_1_113' title='bbox 2060 1937 2176 1990; x_wconf 85' lang='lat' dir='ltr'><strong>est.</strong></span> <span class='ocrx_word' id='word_1_114' title='bbox 2226 1926 2362 1989; x_wconf 85' lang='lat' dir='ltr'><strong>Sed</strong></span> <span class='ocrx_word' id='word_1_115' title='bbox 2384 1927 2701 2008; x_wconf 90' lang='lat' dir='ltr'><strong>quoniam</strong></span> <span class='ocrx_word' id='word_1_116' title='bbox 2724 1926 2944 1989; x_wconf 89' lang='lat' dir='ltr'><strong>sutura</strong></span> 
     </span>
     <span class='ocr_line' id='line_1_16' title="bbox 529 2013 2942 2095; baseline -0.001 -17"><span class='ocrx_word' id='word_1_117' title='bbox 529 2024 723 2078; x_wconf 83' lang='lat' dir='ltr'><strong>erant</strong></span> <span class='ocrx_word' id='word_1_118' title='bbox 777 2015 1077 2078; x_wconf 89' lang='lat' dir='ltr'><strong>membra</strong></span> <span class='ocrx_word' id='word_1_119' title='bbox 1124 2016 1284 2091; x_wconf 80' lang='lat' dir='ltr'><strong>eiuS‚</strong></span> <span class='ocrx_word' id='word_1_120' title='bbox 1338 2014 1402 2077; x_wconf 94' lang='lat' dir='ltr'><strong>id</strong></span> <span class='ocrx_word' id='word_1_121' title='bbox 1436 2025 1553 2090; x_wconf 86' lang='lat' dir='ltr'><strong>est,</strong></span> <span class='ocrx_word' id='word_1_122' title='bbox 1585 2013 1812 2076; x_wconf 89' lang='lat' dir='ltr'><strong>fideles</strong></span> <span class='ocrx_word' id='word_1_123' title='bbox 1866 2014 2006 2075; x_wconf 89' lang='lat' dir='ltr'><strong>eius</strong></span> <span class='ocrx_word' id='word_1_124' title='bbox 2060 2015 2173 2095; x_wconf 88' lang='lat' dir='ltr'><strong>qui</strong></span> <span class='ocrx_word' id='word_1_125' title='bbox 2224 2034 2357 2075; x_wconf 91' lang='lat' dir='ltr'><strong>non</strong></span> <span class='ocrx_word' id='word_1_126' title='bbox 2413 2014 2731 2076; x_wconf 89' lang='lat' dir='ltr'><strong>haberent</strong></span> <span class='ocrx_word' id='word_1_127' title='bbox 2762 2013 2942 2075; x_wconf 91' lang='lat' dir='ltr'><strong>illam</strong></span> 
     </span>
     <span class='ocr_line' id='line_1_17' title="bbox 531 2100 2945 2183; baseline -0 -19"><span class='ocrx_word' id='word_1_128' title='bbox 531 2112 940 2183; x_wconf 89' lang='lat' dir='ltr'><strong>potestatem</strong></span> <span class='ocrx_word' id='word_1_129' title='bbox 977 2122 1178 2183; x_wconf 93' lang='lat' dir='ltr'><strong>quam</strong></span> <span class='ocrx_word' id='word_1_130' title='bbox 1213 2101 1503 2164; x_wconf 89' lang='lat' dir='ltr'><strong>habebat</strong></span> <span class='ocrx_word' id='word_1_131' title='bbox 1535 2111 1602 2164; x_wconf 93' lang='lat' dir='ltr'><strong>et</strong></span> <span class='ocrx_word' id='word_1_132' title='bbox 1636 2102 1776 2183; x_wconf 87' lang='lat' dir='ltr'><strong>ipse</strong></span> <span class='ocrx_word' id='word_1_133' title='bbox 1810 2101 2121 2163; x_wconf 90' lang='lat' dir='ltr'><strong>dominus</strong></span> <span class='ocrx_word' id='word_1_134' title='bbox 2156 2113 2416 2164; x_wconf 88' lang='lat' dir='ltr'><strong>noster:</strong></span> <span class='ocrx_word' id='word_1_135' title='bbox 2463 2101 2643 2182; x_wconf 93' lang='lat' dir='ltr'><strong>quod</strong></span> <span class='ocrx_word' id='word_1_136' title='bbox 2678 2100 2945 2176; x_wconf 85' lang='lat' dir='ltr'><strong>latebat,</strong></span> 
     </span>
     <span class='ocr_line' id='line_1_18' title="bbox 528 2187 2944 2270; baseline -0.001 -19"><span class='ocrx_word' id='word_1_137' title='bbox 528 2191 714 2269; x_wconf 88' lang='lat' dir='ltr'><strong>quod</strong></span> <span class='ocrx_word' id='word_1_138' title='bbox 791 2210 862 2251; x_wconf 91' lang='lat' dir='ltr'><strong>se</strong></span> <span class='ocrx_word' id='word_1_139' title='bbox 923 2200 1243 2270; x_wconf 83' lang='lat' dir='ltr'><strong>tanquam</strong></span> <span class='ocrx_word' id='word_1_140' title='bbox 1308 2209 1390 2250; x_wconf 89' lang='lat' dir='ltr'><strong>ne</strong></span> <span class='ocrx_word' id='word_1_141' title='bbox 1450 2189 1862 2250; x_wconf 90' lang='lat' dir='ltr'><strong>occideretur</strong></span> <span class='ocrx_word' id='word_1_142' title='bbox 1922 2187 2342 2251; x_wconf 88' lang='lat' dir='ltr'><strong>occultabat:</strong></span> <span class='ocrx_word' id='word_1_143' title='bbox 2420 2188 2545 2250; x_wconf 93' lang='lat' dir='ltr'><strong>hoc</strong></span> <span class='ocrx_word' id='word_1_144' title='bbox 2609 2187 2944 2250; x_wconf 90' lang='lat' dir='ltr'><strong>iudicabat</strong></span> 
     </span>
     <span class='ocr_line' id='line_1_19' title="bbox 534 2274 2943 2356; baseline -0.001 -18"><span class='ocrx_word' id='word_1_145' title='bbox 534 2275 788 2338; x_wconf 90' lang='lat' dir='ltr'><strong>factura</strong></span> <span class='ocrx_word' id='word_1_146' title='bbox 834 2296 978 2338; x_wconf 90' lang='lat' dir='ltr'><strong>esse</strong></span> <span class='ocrx_word' id='word_1_147' title='bbox 1012 2276 1309 2338; x_wconf 91' lang='lat' dir='ltr'><strong>membra</strong></span> <span class='ocrx_word' id='word_1_148' title='bbox 1342 2296 1460 2338; x_wconf 88' lang='lat' dir='ltr'><strong>sua</strong></span> <span class='ocrx_word' id='word_1_149' title='bbox 1493 2276 1557 2336; x_wconf 91' lang='lat' dir='ltr'><strong>in</strong></span> <span class='ocrx_word' id='word_1_150' title='bbox 1590 2275 1831 2356; x_wconf 88' lang='lat' dir='ltr'><strong>quibus</strong></span> <span class='ocrx_word' id='word_1_151' title='bbox 1866 2276 2088 2355; x_wconf 85' lang='lat' dir='ltr'><strong>vtique</strong></span> <span class='ocrx_word' id='word_1_152' title='bbox 2121 2274 2433 2337; x_wconf 87' lang='lat' dir='ltr'><strong>membris</strong></span> <span class='ocrx_word' id='word_1_153' title='bbox 2466 2276 2598 2337; x_wconf 81' lang='lat' dir='ltr'><strong>suis</strong></span> <span class='ocrx_word' id='word_1_154' title='bbox 2630 2277 2772 2356; x_wconf 90' lang='lat' dir='ltr'><strong>ipse</strong></span> <span class='ocrx_word' id='word_1_155' title='bbox 2802 2283 2943 2337; x_wconf 91' lang='lat' dir='ltr'><strong>erat</strong></span> 
     </span>
     <span class='ocr_line' id='line_1_20' title="bbox 529 2360 2942 2445; baseline -0 -21"><span class='ocrx_word' id='word_1_156' title='bbox 529 2374 751 2445; x_wconf 92' lang='lat' dir='ltr'><strong>caput.</strong></span> <span class='ocrx_word' id='word_1_157' title='bbox 875 2364 1026 2425; x_wconf 91' lang='lat' dir='ltr'><strong>Non</strong></span> <span class='ocrx_word' id='word_1_158' title='bbox 1090 2363 1265 2425; x_wconf 92' lang='lat' dir='ltr'><strong>enim</strong></span> <span class='ocrx_word' id='word_1_159' title='bbox 1330 2361 1631 2426; x_wconf 84' lang='lat' dir='ltr'><strong>Christus</strong></span> <span class='ocrx_word' id='word_1_160' title='bbox 1695 2363 1757 2424; x_wconf 92' lang='lat' dir='ltr'><strong>in</strong></span> <span class='ocrx_word' id='word_1_161' title='bbox 1821 2363 2038 2442; x_wconf 88' lang='lat' dir='ltr'><strong>capite</strong></span> <span class='ocrx_word' id='word_1_162' title='bbox 2100 2373 2167 2424; x_wconf 91' lang='lat' dir='ltr'><strong>et</strong></span> <span class='ocrx_word' id='word_1_163' title='bbox 2213 2382 2343 2424; x_wconf 90' lang='lat' dir='ltr'><strong>non</strong></span> <span class='ocrx_word' id='word_1_164' title='bbox 2390 2362 2454 2424; x_wconf 91' lang='lat' dir='ltr'><strong>in</strong></span> <span class='ocrx_word' id='word_1_165' title='bbox 2503 2381 2795 2442; x_wconf 89' lang='lat' dir='ltr'><strong>corpore,</strong></span> <span class='ocrx_word' id='word_1_166' title='bbox 2826 2360 2942 2424; x_wconf 90' lang='lat' dir='ltr'><strong>sed</strong></span> 
     </span>
     <span class='ocr_line' id='line_1_21' title="bbox 535 2448 2945 2531; baseline -0.001 -18"><span class='ocrx_word' id='word_1_167' title='bbox 535 2449 844 2513; x_wconf 90' lang='lat' dir='ltr'><strong>Christus</strong></span> <span class='ocrx_word' id='word_1_168' title='bbox 895 2459 1073 2513; x_wconf 88' lang='lat' dir='ltr'><strong>totus</strong></span> <span class='ocrx_word' id='word_1_169' title='bbox 1128 2451 1193 2511; x_wconf 91' lang='lat' dir='ltr'><strong>in</strong></span> <span class='ocrx_word' id='word_1_170' title='bbox 1250 2451 1467 2531; x_wconf 89' lang='lat' dir='ltr'><strong>capite</strong></span> <span class='ocrx_word' id='word_1_171' title='bbox 1516 2464 1584 2511; x_wconf 90' lang='lat' dir='ltr'><strong>et</strong></span> <span class='ocrx_word' id='word_1_172' title='bbox 1634 2450 1699 2511; x_wconf 93' lang='lat' dir='ltr'><strong>in</strong></span> <span class='ocrx_word' id='word_1_173' title='bbox 1751 2469 2038 2530; x_wconf 90' lang='lat' dir='ltr'><strong>corpore</strong></span> <span class='ocrx_word' id='word_1_174' title='bbox 2163 2448 2362 2531; x_wconf 80' lang='lat' dir='ltr'><strong>Quod</strong></span> <span class='ocrx_word' id='word_1_175' title='bbox 2425 2469 2583 2529; x_wconf 88' lang='lat' dir='ltr'><strong>ergo</strong></span> <span class='ocrx_word' id='word_1_176' title='bbox 2646 2449 2945 2511; x_wconf 91' lang='lat' dir='ltr'><strong>membra</strong></span> 
     </span>
     <span class='ocr_line' id='line_1_22' title="bbox 532 2535 2942 2637; baseline -0.001 -39"><span class='ocrx_word' id='word_1_177' title='bbox 532 2537 677 2600; x_wconf 88' lang='lat' dir='ltr'><strong>eius</strong></span> <span class='ocrx_word' id='word_1_178' title='bbox 732 2540 856 2599; x_wconf 90' lang='lat' dir='ltr'><strong>hoc</strong></span> <span class='ocrx_word' id='word_1_179' title='bbox 913 2538 1070 2637; x_wconf 78' lang='lat' dir='ltr'><strong>ipse,</strong></span> <span class='ocrx_word' id='word_1_180' title='bbox 1119 2536 1298 2619; x_wconf 91' lang='lat' dir='ltr'><strong>quod</strong></span> <span class='ocrx_word' id='word_1_181' title='bbox 1362 2547 1585 2598; x_wconf 89' lang='lat' dir='ltr'><strong>autem</strong></span> <span class='ocrx_word' id='word_1_182' title='bbox 1650 2537 1791 2619; x_wconf 90' lang='lat' dir='ltr'><strong>ipse</strong></span> <span class='ocrx_word' id='word_1_183' title='bbox 1853 2555 1986 2597; x_wconf 87' lang='lat' dir='ltr'><strong>non</strong></span> <span class='ocrx_word' id='word_1_184' title='bbox 2049 2537 2365 2598; x_wconf 91' lang='lat' dir='ltr'><strong>continuo</strong></span> <span class='ocrx_word' id='word_1_185' title='bbox 2428 2535 2726 2598; x_wconf 87' lang='lat' dir='ltr'><strong>membra</strong></span> <span class='ocrx_word' id='word_1_186' title='bbox 2786 2536 2942 2597; x_wconf 81' lang='lat' dir='ltr'><strong>eius,</strong></span> 
     </span>
     <span class='ocr_line' id='line_1_23' title="bbox 537 2622 2944 2708; baseline -0 -22"><span class='ocrx_word' id='word_1_187' title='bbox 537 2624 714 2687; x_wconf 91' lang='lat' dir='ltr'><strong>Nam</strong></span> <span class='ocrx_word' id='word_1_188' title='bbox 772 2626 825 2687; x_wconf 90' lang='lat' dir='ltr'><strong>si</strong></span> <span class='ocrx_word' id='word_1_189' title='bbox 883 2626 1005 2708; x_wconf 89' lang='lat' dir='ltr'><strong>ipsi</strong></span> <span class='ocrx_word' id='word_1_190' title='bbox 1062 2644 1192 2687; x_wconf 93' lang='lat' dir='ltr'><strong>non</strong></span> <span class='ocrx_word' id='word_1_191' title='bbox 1241 2635 1463 2687; x_wconf 85' lang='lat' dir='ltr'><strong>essent</strong></span> <span class='ocrx_word' id='word_1_192' title='bbox 1496 2625 1794 2687; x_wconf 89' lang='lat' dir='ltr'><strong>membra</strong></span> <span class='ocrx_word' id='word_1_193' title='bbox 1826 2626 1982 2693; x_wconf 90' lang='lat' dir='ltr'><strong>eius</strong></span> <span class='ocrx_word' id='word_1_194' title='bbox 2018 2644 2148 2685; x_wconf 88' lang='lat' dir='ltr'><strong>non</strong></span> <span class='ocrx_word' id='word_1_195' title='bbox 2184 2624 2429 2686; x_wconf 90' lang='lat' dir='ltr'><strong>diceret</strong></span> <span class='ocrx_word' id='word_1_196' title='bbox 2464 2622 2712 2687; x_wconf 85' lang='lat' dir='ltr'><strong>Saulo:</strong></span> <span class='ocrx_word' id='word_1_197' title='bbox 2762 2623 2944 2705; x_wconf 84' lang='lat' dir='ltr'><strong>Quid</strong></span> 
     </span>
     <span class='ocr_line' id='line_1_24' title="bbox 537 2710 2944 2794; baseline -0.001 -20"><span class='ocrx_word' id='word_1_198' title='bbox 537 2733 644 2775; x_wconf 91' lang='lat' dir='ltr'><strong>me</strong></span> <span class='ocrx_word' id='word_1_199' title='bbox 694 2713 1152 2794; x_wconf 84' lang='lat' dir='ltr'><strong>persequeris?</strong></span> <span class='ocrx_word' id='word_1_200' title='bbox 1245 2712 1398 2774; x_wconf 88' lang='lat' dir='ltr'><strong>Non</strong></span> <span class='ocrx_word' id='word_1_201' title='bbox 1449 2713 1624 2773; x_wconf 87' lang='lat' dir='ltr'><strong>enim</strong></span> <span class='ocrx_word' id='word_1_202' title='bbox 1686 2710 1928 2774; x_wconf 85' lang='lat' dir='ltr'><strong>Saulus</strong></span> <span class='ocrx_word' id='word_1_203' title='bbox 1980 2712 2213 2791; x_wconf 86' lang='lat' dir='ltr'><strong>ipsum,</strong></span> <span class='ocrx_word' id='word_1_204' title='bbox 2259 2712 2374 2773; x_wconf 89' lang='lat' dir='ltr'><strong>sed</strong></span> <span class='ocrx_word' id='word_1_205' title='bbox 2429 2711 2726 2773; x_wconf 87' lang='lat' dir='ltr'><strong>membra</strong></span> <span class='ocrx_word' id='word_1_206' title='bbox 2787 2712 2944 2786; x_wconf 79' lang='lat' dir='ltr'><strong>eiuS,</strong></span> 
     </span>
     <span class='ocr_line' id='line_1_25' title="bbox 534 2797 2943 2879; baseline -0 -19"><span class='ocrx_word' id='word_1_207' title='bbox 534 2798 602 2861; x_wconf 91' lang='lat' dir='ltr'><strong>id</strong></span> <span class='ocrx_word' id='word_1_208' title='bbox 644 2809 764 2875; x_wconf 86' lang='lat' dir='ltr'><strong>est,</strong></span> <span class='ocrx_word' id='word_1_209' title='bbox 796 2799 1026 2862; x_wconf 89' lang='lat' dir='ltr'><strong>fideles</strong></span> <span class='ocrx_word' id='word_1_210' title='bbox 1076 2800 1217 2862; x_wconf 89' lang='lat' dir='ltr'><strong>eius</strong></span> <span class='ocrx_word' id='word_1_211' title='bbox 1272 2800 1336 2861; x_wconf 88' lang='lat' dir='ltr'><strong>in</strong></span> <span class='ocrx_word' id='word_1_212' title='bbox 1370 2809 1541 2861; x_wconf 89' lang='lat' dir='ltr'><strong>terra</strong></span> <span class='ocrx_word' id='word_1_213' title='bbox 1575 2798 2107 2879; x_wconf 87' lang='lat' dir='ltr'><strong>persequebatur.</strong></span> <span class='ocrx_word' id='word_1_214' title='bbox 2204 2797 2434 2860; x_wconf 91' lang='lat' dir='ltr'><strong>Noluit</strong></span> <span class='ocrx_word' id='word_1_215' title='bbox 2469 2807 2692 2860; x_wconf 89' lang='lat' dir='ltr'><strong>tamen</strong></span> <span class='ocrx_word' id='word_1_216' title='bbox 2728 2799 2943 2860; x_wconf 90' lang='lat' dir='ltr'><strong>dicere</strong></span> 
     </span>
     <span class='ocr_line' id='line_1_26' title="bbox 532 2884 2944 2967; baseline -0 -20"><span class='ocrx_word' id='word_1_217' title='bbox 532 2897 801 2949; x_wconf 87' lang='lat' dir='ltr'><strong>sanctos</strong></span> <span class='ocrx_word' id='word_1_218' title='bbox 849 2906 1034 2949; x_wconf 89' lang='lat' dir='ltr'><strong>meos</strong></span> <span class='ocrx_word' id='word_1_219' title='bbox 1081 2906 1309 2949; x_wconf 88' lang='lat' dir='ltr'><strong>seruos</strong></span> <span class='ocrx_word' id='word_1_220' title='bbox 1350 2906 1573 2948; x_wconf 91' lang='lat' dir='ltr'><strong>meos:</strong></span> <span class='ocrx_word' id='word_1_221' title='bbox 1622 2894 1961 2967; x_wconf 88' lang='lat' dir='ltr'><strong>postremo</strong></span> <span class='ocrx_word' id='word_1_222' title='bbox 1993 2885 2443 2948; x_wconf 89' lang='lat' dir='ltr'><strong>honorabilius</strong></span> <span class='ocrx_word' id='word_1_223' title='bbox 2475 2884 2707 2947; x_wconf 86' lang='lat' dir='ltr'><strong>fratres</strong></span> <span class='ocrx_word' id='word_1_224' title='bbox 2741 2904 2944 2958; x_wconf 65' lang='lat' dir='ltr'><strong>mem,</strong></span> 
     </span>
    </p>
   </div>
   <div class='ocr_carea' id='block_1_6' title="bbox 532 2971 2507 3053">
    <p class='ocr_par' dir='ltr' id='par_1_7' title="bbox 532 2971 2507 3053">
     <span class='ocr_line' id='line_1_27' title="bbox 532 2971 2507 3053; baseline -0.001 -18"><span class='ocrx_word' id='word_1_225' title='bbox 532 2974 649 3037; x_wconf 87' lang='lat' dir='ltr'><strong>sed</strong></span> <span class='ocrx_word' id='word_1_226' title='bbox 686 2994 810 3047; x_wconf 90' lang='lat' dir='ltr'><strong>me,</strong></span> <span class='ocrx_word' id='word_1_227' title='bbox 844 2973 969 3035; x_wconf 94' lang='lat' dir='ltr'><strong>hoc</strong></span> <span class='ocrx_word' id='word_1_228' title='bbox 1003 2982 1103 3035; x_wconf 89' lang='lat' dir='ltr'><strong>est</strong></span> <span class='ocrx_word' id='word_1_229' title='bbox 1140 2973 1435 3036; x_wconf 89' lang='lat' dir='ltr'><strong>membra</strong></span> <span class='ocrx_word' id='word_1_230' title='bbox 1469 2992 1618 3035; x_wconf 92' lang='lat' dir='ltr'><strong>mea</strong></span> <span class='ocrx_word' id='word_1_231' title='bbox 1649 2972 1890 3053; x_wconf 91' lang='lat' dir='ltr'><strong>quibus</strong></span> <span class='ocrx_word' id='word_1_232' title='bbox 1921 2991 2050 3053; x_wconf 85' lang='lat' dir='ltr'><strong>ego</strong></span> <span class='ocrx_word' id='word_1_233' title='bbox 2081 2992 2226 3034; x_wconf 90' lang='lat' dir='ltr'><strong>sum</strong></span> <span class='ocrx_word' id='word_1_234' title='bbox 2262 2971 2507 3053; x_wconf 80' lang='lat' dir='ltr'><strong>caput.·&#39;’</strong></span> 
     </span>
    </p>
   </div>
   <div class='ocr_carea' id='block_1_7' title="bbox 1629 3134 1872 3198">
    <p class='ocr_par' dir='ltr' id='par_1_8' title="bbox 1629 3134 1872 3198">
     <span class='ocr_line' id='line_1_28' title="bbox 1629 3134 1872 3198; baseline -0.016 0"><span class='ocrx_word' id='word_1_235' title='bbox 1629 3134 1872 3198; x_wconf 78' lang='lat' dir='ltr'><strong>Oratio,</strong></span> 
     </span>
    </p>
   </div>
   <div class='ocr_carea' id='block_1_8' title="bbox 699 3232 2945 3417">
    <p class='ocr_par' dir='ltr' id='par_1_9' title="bbox 699 3232 2945 3417">
     <span class='ocr_line' id='line_1_29' title="bbox 699 3232 2943 3328; baseline -0.002 -18"><span class='ocrx_word' id='word_1_236' title='bbox 699 3247 902 3312; x_wconf 86' lang='lat' dir='ltr'><strong>Ostra</strong></span> <span class='ocrx_word' id='word_1_237' title='bbox 957 3246 1073 3309; x_wconf 91' lang='lat' dir='ltr'><strong>tibi</strong></span> <span class='ocrx_word' id='word_1_238' title='bbox 1106 3232 1402 3309; x_wconf 32' lang='lat' dir='ltr'><strong>‘domine</strong></span> <span class='ocrx_word' id='word_1_239' title='bbox 1455 3266 1818 3328; x_wconf 87' lang='lat' dir='ltr'><strong>quesumus</strong></span> <span class='ocrx_word' id='word_1_240' title='bbox 1866 3245 1999 3307; x_wconf 91' lang='lat' dir='ltr'><strong>sint</strong></span> <span class='ocrx_word' id='word_1_241' title='bbox 2053 3255 2327 3327; x_wconf 89' lang='lat' dir='ltr'><strong>accepta</strong></span> <span class='ocrx_word' id='word_1_242' title='bbox 2366 3246 2626 3321; x_wconf 90' lang='lat' dir='ltr'><strong>ieiunia,</strong></span> <span class='ocrx_word' id='word_1_243' title='bbox 2659 3266 2789 3327; x_wconf 93' lang='lat' dir='ltr'><strong>que</strong></span> <span class='ocrx_word' id='word_1_244' title='bbox 2823 3266 2943 3308; x_wconf 91' lang='lat' dir='ltr'><strong>nos</strong></span> 
     </span>
     <span class='ocr_line' id='line_1_30' title="bbox 726 3331 2945 3417; baseline -0.001 -20"><span class='ocrx_word' id='word_1_245' title='bbox 726 3334 1067 3417; x_wconf 88' lang='lat' dir='ltr'><strong>expiando</strong></span> <span class='ocrx_word' id='word_1_246' title='bbox 1098 3335 1313 3415; x_wconf 88' lang='lat' dir='ltr'><strong>gratia</strong></span> <span class='ocrx_word' id='word_1_247' title='bbox 1334 3344 1447 3397; x_wconf 93' lang='lat' dir='ltr'><strong>tua</strong></span> <span class='ocrx_word' id='word_1_248' title='bbox 1471 3334 1712 3416; x_wconf 87' lang='lat' dir='ltr'><strong>dignos</strong></span> <span class='ocrx_word' id='word_1_249' title='bbox 1737 3332 2026 3395; x_wconf 88' lang='lat' dir='ltr'><strong>efficiant</strong></span> <span class='ocrx_word' id='word_1_250' title='bbox 2059 3342 2124 3394; x_wconf 90' lang='lat' dir='ltr'><strong>et</strong></span> <span class='ocrx_word' id='word_1_251' title='bbox 2150 3334 2234 3395; x_wconf 94' lang='lat' dir='ltr'><strong>ad</strong></span> <span class='ocrx_word' id='word_1_252' title='bbox 2263 3331 2554 3395; x_wconf 91' lang='lat' dir='ltr'><strong>remedia</strong></span> <span class='ocrx_word' id='word_1_253' title='bbox 2580 3332 2945 3415; x_wconf 89' lang='lat' dir='ltr'><strong>perducant</strong></span> 
     </span>
    </p>
   </div>
   <div class='ocr_carea' id='block_1_9' title="bbox 527 3431 982 3503">
    <p class='ocr_par' dir='ltr' id='par_1_10' title="bbox 527 3431 982 3503">
     <span class='ocr_line' id='line_1_31' title="bbox 527 3431 982 3503; baseline 0 -19"><span class='ocrx_word' id='word_1_254' title='bbox 527 3431 762 3484; x_wconf 87' lang='lat' dir='ltr'><strong>eterna</strong></span> <span class='ocrx_word' id='word_1_255' title='bbox 792 3444 804 3483; x_wconf 92' lang='lat'>:</span> <span class='ocrx_word' id='word_1_256' title='bbox 853 3443 982 3503; x_wconf 90' lang='lat' dir='ltr'><strong>per.</strong></span> 
     </span>
    </p>
   </div>
   <div class='ocr_carea' id='block_1_10' title="bbox 1125 3576 2361 3656">
    <p class='ocr_par' dir='ltr' id='par_1_11' title="bbox 1125 3576 2361 3656">
     <span class='ocr_line' id='line_1_32' title="bbox 1125 3576 2361 3656; baseline -0.001 -16"><span class='ocrx_word' id='word_1_257' title='bbox 1125 3585 1192 3655; x_wconf 69' lang='lat'><strong>11</strong></span> <span class='ocrx_word' id='word_1_258' title='bbox 1239 3579 1304 3640; x_wconf 89' lang='lat' dir='ltr'><em>F</em></span> <span class='ocrx_word' id='word_1_259' title='bbox 1298 3579 1435 3641; x_wconf 82' lang='lat' dir='ltr'><strong>eria</strong></span> <span class='ocrx_word' id='word_1_260' title='bbox 1466 3577 1606 3656; x_wconf 79' lang='lat' dir='ltr'><strong>.iiij.</strong></span> <span class='ocrx_word' id='word_1_261' title='bbox 1638 3598 1718 3639; x_wconf 75' lang='lat' dir='ltr'><strong>ex</strong></span> <span class='ocrx_word' id='word_1_262' title='bbox 1744 3576 1970 3639; x_wconf 78' lang='lat' dir='ltr'><strong>Isaia.⁶</strong></span> <span class='ocrx_word' id='word_1_263' title='bbox 2066 3576 2272 3639; x_wconf 81' lang='lat' dir='ltr'><strong>Lectio</strong></span> <span class='ocrx_word' id='word_1_264' title='bbox 2303 3578 2361 3641; x_wconf 90' lang='lat' dir='ltr'><strong>.i.</strong></span> 
     </span>
    </p>
   </div>
   <div class='ocr_carea' id='block_1_11' title="bbox 549 3688 2942 3842">
    <p class='ocr_par' dir='ltr' id='par_1_12' title="bbox 549 3688 2942 3842">
     <span class='ocr_line' id='line_1_33' title="bbox 549 3688 2942 3820; baseline -0.001 -66"><span class='ocrx_word' id='word_1_265' title='bbox 549 3693 824 3820; x_wconf 84' lang='lat' dir='ltr'><strong>IVstus</strong></span> <span class='ocrx_word' id='word_1_266' title='bbox 887 3691 1074 3773; x_wconf 90' lang='lat' dir='ltr'><strong>perit,</strong></span> <span class='ocrx_word' id='word_1_267' title='bbox 1119 3701 1188 3754; x_wconf 89' lang='lat' dir='ltr'><strong>et</strong></span> <span class='ocrx_word' id='word_1_268' title='bbox 1250 3710 1370 3753; x_wconf 87' lang='lat' dir='ltr'><strong>nos</strong></span> <span class='ocrx_word' id='word_1_269' title='bbox 1415 3699 1518 3753; x_wconf 90' lang='lat' dir='ltr'><strong>est</strong></span> <span class='ocrx_word' id='word_1_270' title='bbox 1565 3689 1677 3771; x_wconf 91' lang='lat' dir='ltr'><strong>qui</strong></span> <span class='ocrx_word' id='word_1_271' title='bbox 1735 3690 2053 3772; x_wconf 85' lang='lat' dir='ltr'><strong>recogitet</strong></span> <span class='ocrx_word' id='word_1_272' title='bbox 2231 3688 2598 3771; x_wconf 86' lang='lat' dir='ltr'><strong>possidebit</strong></span> <span class='ocrx_word' id='word_1_273' title='bbox 2647 3700 2942 3753; x_wconf 91' lang='lat' dir='ltr'><strong>montem</strong></span> 
     </span>
     <span class='ocr_line' id='line_1_34' title="bbox 645 3775 1219 3842; baseline -0.003 0"><span class='ocrx_word' id='word_1_274' title='bbox 645 3789 949 3842; x_wconf 91' lang='lat' dir='ltr'><strong>sanctum</strong></span> <span class='ocrx_word' id='word_1_275' title='bbox 984 3775 1219 3841; x_wconf 88' lang='lat' dir='ltr'><strong>tuum.⁷</strong></span> 
     </span>
    </p>
   </div>
   <div class='ocr_carea' id='block_1_12' title="bbox 1076 3938 2425 4020">
    <p class='ocr_par' dir='ltr' id='par_1_13' title="bbox 1076 3938 2425 4020">
     <span class='ocr_line' id='line_1_35' title="bbox 1076 3938 2425 4020; baseline -0.001 -16"><span class='ocrx_word' id='word_1_276' title='bbox 1076 3948 1143 4018; x_wconf 70' lang='lat' dir='ltr'><strong>(l</strong></span> <span class='ocrx_word' id='word_1_277' title='bbox 1179 3940 1547 4005; x_wconf 81' lang='lat' dir='ltr'><strong>Secundum</strong></span> <span class='ocrx_word' id='word_1_278' title='bbox 1578 3938 1998 4002; x_wconf 65' lang='lat' dir='ltr'><strong>Mamaeum.ss</strong></span> <span class='ocrx_word' id='word_1_279' title='bbox 2084 3938 2297 4001; x_wconf 84' lang='lat' dir='ltr'><strong>Lectio</strong></span> <span class='ocrx_word' id='word_1_280' title='bbox 2342 3940 2425 4020; x_wconf 77' lang='lat' dir='ltr'><strong>.ij.</strong></span> 
     </span>
    </p>
   </div>
   <div class='ocr_carea' id='block_1_13' title="bbox 549 4052 2947 4206">
    <p class='ocr_par' dir='ltr' id='par_1_14' title="bbox 549 4052 2947 4206">
     <span class='ocr_line' id='line_1_36' title="bbox 549 4052 2947 4206; baseline -0.002 -88"><span class='ocrx_word' id='word_1_281' title='bbox 549 4055 798 4206; x_wconf 49' lang='lat' dir='ltr'><strong>Ilisssffi</strong></span> <span class='ocrx_word' id='word_1_282' title='bbox 845 4064 1069 4118; x_wconf 92' lang='lat' dir='ltr'><strong>autem</strong></span> <span class='ocrx_word' id='word_1_283' title='bbox 1124 4054 1310 4117; x_wconf 89' lang='lat' dir='ltr'><strong>stetit</strong></span> <span class='ocrx_word' id='word_1_284' title='bbox 1362 4062 1519 4116; x_wconf 91' lang='lat' dir='ltr'><strong>ante</strong></span> <span class='ocrx_word' id='word_1_285' title='bbox 1566 4053 1894 4134; x_wconf 90' lang='lat' dir='ltr'><strong>presidem</strong></span> <span class='ocrx_word' id='word_1_286' title='bbox 2047 4052 2137 4114; x_wconf 90' lang='lat' dir='ltr'><strong>Et</strong></span> <span class='ocrx_word' id='word_1_287' title='bbox 2168 4072 2320 4114; x_wconf 92' lang='lat' dir='ltr'><strong>cum</strong></span> <span class='ocrx_word' id='word_1_288' title='bbox 2347 4061 2699 4133; x_wconf 86' lang='lat' dir='ltr'><strong>gustasset,</strong></span> <span class='ocrx_word' id='word_1_289' title='bbox 2733 4052 2947 4115; x_wconf 86' lang='lat' dir='ltr'><strong>noluit</strong></span> 
     </span>
     <span class='ocr_line' id='line_1_37' title="bbox 694 4163 885 4205; baseline 0 0"><span class='ocrx_word' id='word_1_290' title='bbox 694 4164 711 4205; x_wconf 84' lang='grc' dir='ltr'><strong>ι</strong></span> <span class='ocrx_word' id='word_1_291' title='bbox 803 4163 885 4205; x_wconf 92' lang='lat' dir='ltr'><strong>re.</strong></span> 
     </span>
    </p>
   </div>
   <div class='ocr_carea' id='block_1_14' title="bbox 631 4310 2602 4509">
    <p class='ocr_par' dir='ltr' id='par_1_15' title="bbox 631 4310 2602 4509">
     <span class='ocr_line' id='line_1_38' title="bbox 631 4310 2318 4372; baseline -0.004 -7"><span class='ocrx_word' id='word_1_292' title='bbox 631 4312 652 4345; x_wconf 83' lang='lat'><em>¹</em></span> <span class='ocrx_word' id='word_1_293' title='bbox 684 4316 776 4365; x_wconf 81' lang='lat' dir='ltr'><strong>Ca.</strong></span> <span class='ocrx_word' id='word_1_294' title='bbox 860 4317 917 4364; x_wconf 80' lang='lat' dir='ltr'><strong>iu</strong></span> <span class='ocrx_word' id='word_1_295' title='bbox 941 4332 1006 4363; x_wconf 88' lang='lat' dir='ltr'><strong>m.</strong></span> <span class='ocrx_word' id='word_1_296' title='bbox 1836 4310 1859 4341; x_wconf 82' lang='lat'><strong>2</strong></span> <span class='ocrx_word' id='word_1_297' title='bbox 1893 4312 2095 4361; x_wconf 82' lang='lat' dir='ltr'><strong>ludaea:</strong></span> <span class='ocrx_word' id='word_1_298' title='bbox 2131 4311 2210 4360; x_wconf 89' lang='lat'><strong>61.</strong></span> <span class='ocrx_word' id='word_1_299' title='bbox 2239 4311 2318 4372; x_wconf 86' lang='grc'><strong>64.</strong></span> 
     </span>
     <span class='ocr_line' id='line_1_39' title="bbox 632 4326 2267 4444; baseline -0.003 -14"><span class='ocrx_word' id='word_1_300' title='bbox 632 4378 738 4417; x_wconf 66' lang='grc'><strong>3-3</strong></span> <span class='ocrx_word' id='word_1_301' title='bbox 769 4326 861 4430; x_wconf 65' lang='grc' dir='ltr'><em>οΖτ.</em></span> <span class='ocrx_word' id='word_1_302' title='bbox 886 4381 966 4444; x_wconf 83' lang='grc'><strong>63.</strong></span> <span class='ocrx_word' id='word_1_303' title='bbox 1841 4376 1862 4406; x_wconf 80' lang='lat'><strong>⁴</strong></span> <span class='ocrx_word' id='word_1_304' title='bbox 1964 4377 2153 4428; x_wconf 76' lang='lat' dir='ltr'><strong>tentia:</strong></span> <span class='ocrx_word' id='word_1_305' title='bbox 2189 4375 2267 4440; x_wconf 86' lang='lat'><strong>38.</strong></span> 
     </span>
     <span class='ocr_line' id='line_1_40' title="bbox 631 4440 2602 4509; baseline -0.003 -14"><span class='ocrx_word' id='word_1_306' title='bbox 631 4444 654 4474; x_wconf 77' lang='lat'>⁸</span> <span class='ocrx_word' id='word_1_307' title='bbox 689 4446 943 4496; x_wconf 85' lang='lat' dir='ltr'><strong>Miserere.</strong></span> <span class='ocrx_word' id='word_1_308' title='bbox 975 4456 1051 4509; x_wconf 81' lang='lat'><strong>50.</strong></span> <span class='ocrx_word' id='word_1_309' title='bbox 1079 4447 1191 4495; x_wconf 82' lang='lat' dir='ltr'><strong>add.</strong></span> <span class='ocrx_word' id='word_1_310' title='bbox 1221 4445 1300 4508; x_wconf 83' lang='lat'><strong>63.</strong></span> <span class='ocrx_word' id='word_1_311' title='bbox 1839 4440 1862 4471; x_wconf 81' lang='lat'>⁶</span> <span class='ocrx_word' id='word_1_312' title='bbox 1971 4478 1983 4492; x_wconf 90' lang='lat'><strong>.</strong></span> <span class='ocrx_word' id='word_1_313' title='bbox 2013 4453 2073 4506; x_wconf 85' lang='grc'><strong>57</strong></span> <span class='ocrx_word' id='word_1_314' title='bbox 2097 4443 2157 4491; x_wconf 83' lang='lat' dir='ltr'><strong>in</strong></span> <span class='ocrx_word' id='word_1_315' title='bbox 2181 4458 2245 4491; x_wconf 85' lang='lat' dir='ltr'><strong>m.</strong></span> <span class='ocrx_word' id='word_1_316' title='bbox 2275 4441 2400 4501; x_wconf 90' lang='lat' dir='ltr'><strong>[lvii.</strong></span> <span class='ocrx_word' id='word_1_317' title='bbox 2437 4444 2602 4506; x_wconf 89' lang='lat'>1-13.]</span> 
     </span>
    </p>
   </div>
   <div class='ocr_carea' id='block_1_15' title="bbox 631 4507 2296 4574">
    <p class='ocr_par' dir='ltr' id='par_1_16' title="bbox 631 4507 2296 4574">
     <span class='ocr_line' id='line_1_41' title="bbox 631 4507 2296 4574; baseline -0.004 -12"><span class='ocrx_word' id='word_1_318' title='bbox 631 4509 652 4545; x_wconf 76' lang='lat'><strong><em>⁷</em></strong></span> <span class='ocrx_word' id='word_1_319' title='bbox 685 4527 884 4561; x_wconf 83' lang='lat' dir='ltr'><strong>meum:</strong></span> <span class='ocrx_word' id='word_1_320' title='bbox 922 4523 1000 4574; x_wconf 87' lang='lat'><strong>39.</strong></span> <span class='ocrx_word' id='word_1_321' title='bbox 1030 4519 1123 4560; x_wconf 86' lang='lat' dir='ltr'><strong>etc.</strong></span> <span class='ocrx_word' id='word_1_322' title='bbox 1835 4507 1858 4537; x_wconf 79' lang='lat'><strong>⁸</strong></span> <span class='ocrx_word' id='word_1_323' title='bbox 1890 4508 2059 4567; x_wconf 82' lang='lat' dir='ltr'><strong>[xxvii.</strong></span> <span class='ocrx_word' id='word_1_324' title='bbox 2094 4509 2296 4571; x_wconf 82' lang='lat'>¹¹··34·]</span> 
     </span>
    </p>
   </div>
  </div>
 </body>
</html>
