3293 5225
727 504 1073 553 SABBATO
1128 504 1566 553 DOMINJCAE
1620 505 1717 554 IV.
1786 505 2453 565 QUADRAGESIMAE.
2728 513 2816 565 115

403 656 695 719 Lazarus
751 655 1222 721 infirmabatur.
1317 658 1641 720 Miserunt
1673 679 1833 741 ergo
1880 679 2137 720 sorores
2169 658 2255 719 ad
2286 678 2438 720 eum
2474 659 2770 720 dicentes
2801 679 2813 718 ε

404 742 708 806 Domine.
804 745 980 806 Ecce
1034 765 1231 825 quem
1283 765 1470 808 amas
1524 744 1909 808 infirmatur.
2006 746 2148 808 Iam
2194 744 2624 827 intelligimus
2655 741 2812 825 quol

401 830 721 893 miserunt
740 832 851 893 vbi
871 843 1012 894 erat
1038 834 1361 908 dominuS,
1383 834 1699 914 quoniam
1723 835 1961 896 absens
1991 842 2149 895 erat.
2214 833 2429 894 Trans
2459 831 2811 894 Iordanem

400 918 648 980 scilicet
683 920 1000 981 miserunt
1033 921 1117 982 ad
1150 920 1536 982 dominum:
1585 922 1968 982 nuntiantes
2019 918 2199 1001 quod
2249 929 2581 1000 egrotaret
2614 918 2812 980 frater

399 1024 645 1079 earum,
679 1015 750 1067 vt
783 1006 1166 1086 dignaretur
1195 1008 1417 1069 venire
1462 1016 1529 1068 et
1578 1027 1731 1069 eum
1782 1006 1867 1069 ab
1913 1006 2285 1089 egritudine
2338 1005 2654 1068 liberare:
2703 1004 2812 1066 ille

400 1091 656 1155 distulit
689 1113 923 1154 sanare
954 1103 1024 1156 vt
1060 1104 1283 1175 posset
1337 1095 1738 1157 resuscitare.
1830 1093 2009 1175 Quid
2043 1113 2202 1173 ergo
2249 1093 2812 1154 annuntiauerunt

398 1199 654 1242 sorores
703 1182 889 1242 eius?
1013 1179 1319 1253 Domine,
1381 1200 1535 1242 ecce
1610 1200 1809 1260 quem
1886 1200 2072 1241 amas
2149 1179 2532 1243 infirmatur.
2655 1179 2809 1239 Non

398 1264 714 1329 dixerunt
769 1272 933 1329 veni.
1056 1268 1333 1329 Amanti
1394 1269 1570 1328 enim
1633 1266 2104 1329 tantummodo
2165 1265 2606 1329 nuntiandum
2669 1263 2808 1326 fuit.

402 1353 553 1415 Non
589 1374 748 1416 ause
780 1363 934 1416 sunt
980 1353 1235 1416 dicere:
1280 1354 1449 1429 veni,
1482 1365 1547 1417 et
1597 1374 1796 1416 sana:
1846 1374 1978 1416 non
2029 1372 2188 1415 ause
2241 1363 2395 1414 sunt
2449 1354 2666 1415 dicere
2721 1352 2808 1414 ibi

396 1440 547 1503 iube
580 1451 646 1503 et
677 1441 780 1502 hic
815 1439 946 1516 fiet,
978 1439 1113 1504 Cur
1140 1442 1316 1503 enim
1351 1461 1484 1502 non
1517 1450 1584 1503 et
1616 1443 1740 1502 iste
1771 1442 1940 1504 sicut
1972 1439 2134 1502 fides
2187 1440 2360 1502 illius
2408 1440 2812 1503 centurionis

396 1527 551 1589 inde
614 1527 970 1591 laudatur?
1084 1528 1201 1590 Ait
1254 1530 1475 1590 enirn:
1588 1528 1739 1589 Non
1792 1548 1937 1590 sum
1987 1528 2246 1608 dignuS,
2299 1536 2369 1590 vt
2423 1528 2626 1589 intres
2685 1527 2811 1589 sub

398 1623 650 1676 tectum
704 1636 941 1688 meum,
993 1617 1107 1677 sed
1166 1625 1425 1678 tantum
1477 1615 1584 1676 dic
1617 1616 1819 1677 verbo
1866 1624 1933 1677 et
1982 1615 2322 1677 sanabitur
2376 1635 2536 1698 puer
2586 1634 2811 1676 meus:

399 1701 558 1763 nihil
607 1702 840 1764 horum
890 1703 1025 1764 iste.
1121 1701 1254 1765 Sed
1288 1703 1773 1764 tantummodo,
1868 1702 2178 1778 Domine,
2207 1722 2359 1764 ecce
2391 1722 2590 1783 quem
2623 1721 2810 1763 amas

399 1788 781 1851 infirmatur.
906 1788 1166 1854 Sufficit
1219 1799 1289 1851 vt
1353 1790 1614 1851 noueris
1678 1809 1808 1850 non
1873 1791 2050 1850 enim
2113 1810 2342 1851 amas:
2417 1799 2484 1852 et
2545 1788 2808 1851 deseris

402 1874 536 1938 Sed
583 1875 759 1939 dicet
806 1875 1083 1957 aliquis:
1162 1875 1523 1958 Quomodo
1574 1895 1689 1958 per
1742 1877 2067 1938 Lazarum
2122 1886 2429 1959 peccator
2481 1875 2811 1958 significa-

399 1961 616 2025 batur2
662 1974 730 2027 et
774 1985 813 2026 a
875 1963 1149 2026 domino
1209 1967 1301 2025 sic
1369 1963 1770 2026 amabatur?
1876 1964 2132 2026 Audiat
2208 1984 2392 2026 eumx
2436 1962 2809 2026 dicentem:

402 2049 461 2110 N
470 2070 554 2111 on
587 2052 737 2112 veni
769 2071 1007 2112 vocare
1040 2054 1263 2125 iustos⁹
1294 2050 1411 2113 sed
1446 2048 1869 2131 peccatores³

1482 2187 1726 2253 Oratio

412 2302 689 2430 DEus
737 2303 846 2383 qui
897 2300 1341 2364 ineffabilibus
1400 2300 1723 2363 mundum
1780 2320 2060 2362 renouas
2116 2301 2544 2362 sacramentis
2593 2309 2812 2380 presta

575 2409 951 2470 quesumuS,
987 2401 1055 2450 vt
1105 2387 1382 2451 ecclesia
1437 2399 1552 2451 tua
1601 2398 1670 2450 et
1722 2388 1964 2450 eternis
2022 2386 2323 2469 proficiat
2367 2387 2701 2462 institutis,
2747 2396 2813 2448 et

396 2478 874 2558 temporalibus
908 2495 1039 2537 non
1074 2476 1472 2538 destituatur
1503 2474 1805 2555 auxilijs:
1855 2495 1985 2557 per.

524 2563 740 2625 Hodie
768 2562 1038 2625 *dicitur
1064 2563 1489 2625 matutinum*
1502 2573 1628 2645 pro
1660 2561 1993 2642 distinctis.

995 2730 1061 2800 (I
1098 2725 1377 2787 sabbato
1407 2746 1484 2787 ex
1517 2725 1577 2788 G
1578 2726 1788 2789 enesi.‘'’
1877 2725 2088 2787 Lectio
2120 2727 2175 2788 .i.

544 2838 826 2900 Braham
860 2858 1017 2899 vero
1049 2839 1248 2899 aliam
1283 2839 1480 2900 duxit
1505 2859 1782 2900 vxorem
1933 2858 2154 2900 coram
2203 2838 2457 2899 cunctis
2503 2836 2812 2899 fratribus

581 2926 717 2986 suis
749 2924 932 3006 objit.

1025 3067 1091 3136 (Ι
1122 3060 1233 3123 Ex
1258 3061 1519 3142 epistola
1552 3062 1808 3124 [αιὀὐὶ.6
1868 3062 2079 3123 Lectio
2118 3062 2201 3142 ,ist

401 3172 693 3300 AGite
725 3193 900 3235 nunc
934 3173 1169 3235 divites
1318 3174 1572 3254 operiet
1608 3172 2102 3235 multitudinem
2140 3182 2578 3254 peccatorum.

945 3386 1011 3455 (I
1053 3381 1275 3442 Tertia
1306 3381 1480 3442 lectio
1510 3380 1853 3442 secundum
1888 3376 2237 3444 Ioannem?

403 3493 535 3619 IN
572 3492 687 3555 illo
718 3503 1034 3592 tempore,
1071 3493 1336 3592 dicebat
1375 3493 1559 3554 Iesus
1593 3493 1802 3554 turbis
1863 3493 2217 3592 Iudeorum
2279 3492 2429 3591 Ego
2482 3512 2628 3554 sum
2681 3492 2798 3554 lux

516 3581 762 3642 mundi.
857 3578 987 3661 Qui
1022 3590 1316 3660 sequitur
1349 3600 1454 3641 me
1491 3600 1622 3642 non
1659 3580 1959 3642 ambulat
1993 3601 2056 3641 m
2093 3579 2413 3641 tenebris:
2446 3579 2560 3641 sed
2599 3579 2798 3642 habe-

389 3665 483 3728 bit
518 3667 740 3728 lumen
773 3668 924 3749 yite.
1005 3667 1093 3728 Et
1125 3668 1390 3747 reliqua.

950 3822 1016 3892 (I
1048 3816 1130 3877 H
1124 3813 1398 3893 omelia†
1427 3837 1475 3878 s.
1512 3816 1569 3877 A
1582 3816 1882 3898 agustini
1908 3816 2185 3896 episcopi.

529 3928 685 3991 Vod
709 3948 881 3990 nunc
902 3929 993 3991 ait
1018 3930 1324 3990 dominus
1352 3928 1537 4008 :Ego
1562 3948 1709 3990 sum
1744 3927 1860 3989 lux
1896 3927 2123 3989 mundi
2148 3952 2160 3989 ε
2189 3929 2436 3991 clarum
2466 3937 2629 4009 puto
2649 3948 2793 3990 esse

572 4017 667 4078 eis
698 4017 811 4096 qui
842 4015 1091 4077 habent
1122 4016 1366 4090 ocuIOS,
1397 4018 1572 4077 vnde
1604 4015 1797 4076 huius
1830 4015 1990 4077 lucis
2025 4016 2375 4097 participes
2412 4015 2587 4078 fiant.
2655 4015 2788 4098 Qui

381 4120 604 4164 autem
630 4123 760 4164 non
789 4103 1037 4164 habent
1068 4102 1295 4164 oculos
1330 4102 1451 4163 nisi
1479 4104 1542 4163 in
1571 4101 1710 4163 sola
1737 4122 1933 4163 carne
1960 4100 2308 4164 mirantur⁶
2326 4104 2503 4182 quod
2533 4101 2783 4165 dictum

378 4199 481 4251 est
513 4210 552 4251 a
584 4190 857 4252 domino
896 4190 1043 4251 Iesu
1079 4188 1343 4253 Christo
1378 4213 1390 4251 :
1440 4190 1589 4271 Ego
1620 4209 1768 4250 sum
1804 4188 1921 4251 lux
1957 4190 2202 4251 mundi.
2299 4189 2387 4250 Et
2430 4188 2596 4251 forte
2653 4210 2782 4252 non

477 4373 492 4404 1
686 4394 697 4405 .
1677 4374 1699 4405 2
1759 4377 1768 4386 ·
1846 4376 1855 4386 ·
2051 4395 2062 4406 .

474 4439 495 4469 ³
527 4376 899 4504 ffifflrkrffgssf
908 4414 1028 4490 'aaa
1057 4441 1136 4504 63.
1674 4376 2062 4489 *Ῑῖἕῖῗιῗῖἓῖἑ
2079 4376 2196 4489 ιῗξὲ.
2224 4441 2303 4490 66.

472 4504 493 4533 ⁵
527 4506 617 4556 Ca.
647 4516 708 4569 25
733 4507 790 4554 in
814 4523 881 4555 m.
908 4506 1042 4566 [xxv.
1078 4507 1243 4568 1-18.]
1676 4505 1698 4536 ὃ
1732 4507 1819 4581 Ca.
1852 4518 1878 4569 5
1904 4508 1961 4573 iq
1985 4524 2050 4556 m.
2080 4508 2146 4566 [v.
2182 4507 2349 4567 1-2o.]

470 4569 492 4602 ⁷
524 4570 614 4621 Ca.
644 4571 675 4620 8
699 4573 755 4619 in
780 4588 844 4620 m.
1677 4571 1698 4601 ³
1732 4583 1965 4622 miratur:
2001 4585 2078 4635 43.
