3293 5225
559 458 713 507 xxviii
1519 458 1817 507 PRAEFA
1833 459 1966 508 TlO.

555 630 600 673 a
645 611 895 674 sanctis
955 613 1252 694 patribus
1313 610 1690 675 institutum
1727 613 1837 675 'de
1897 611 2185 674 historiis
2244 622 2623 675 sanctorum
2686 610 2964 693 quarum

560 708 864 762 auctores
924 699 1326 781 ignorantur.
1467 698 1568 760 Ibi
1643 699 1823 761 enim
1901 698 2207 762 Gelasius
2283 699 2468 781 Papa
2539 719 2628 761 ex
2705 701 2968 780 synodo

554 786 986 868 septuaginta
1045 787 1509 868 episcoporum
1559 796 1749 868 gesta
1804 785 2076 868 (inquit)
2135 796 2515 850 sanctorum
2578 796 2967 867 martyrum,

552 873 670 952 qui
764 872 1238 955 multiplicibus
1330 882 1814 936 tormentorum
1913 873 2325 947 cruciatibuS‚
2401 884 2470 936 et
2558 873 2967 936 mirabilibus

552 959 1046 1023 confessionum
1110 960 1458 1043 triumphis
1505 959 1839 1037 irradiant,
1897 960 2045 1041 quis
2106 961 2222 1024 ita¹
2284 980 2428 1023 esse
2487 960 2963 1024 catholicorum

555 1044 870 1109 dubitet?
936 1056 1006 1109 e‘t
1052 1047 1304 1110 maiora
1338 1067 1463 1109 eos
1508 1047 1573 1108 in
1633 1067 1850 1129 agone
1911 1047 2110 1110 fuisse
2172 1052 2567 1130 perpessos?
2647 1067 2767 1110 nec
2828 1049 2964 1109 suis

555 1133 823 1211 viribuS,
844 1134 961 1196 sed
998 1134 1125 1197 Dei
1157 1134 1373 1217 gratia
1403 1144 1470 1197 et
1501 1135 1834 1198 adiutorio
1865 1135 2171 1197 vniuersa
2200 1134 2567 1197 tolerasse?
2645 1134 2779 1198 Sed
2812 1135 2964 1197 ideo

552 1220 920 1284 secundum
983 1224 1442 1284 auctoritatem
1498 1222 1847 1303 antiquam
1901 1231 1969 1284 et
2016 1223 2565 1285 consuetudinem
2617 1221 2682 1284 in
2733 1235 2966 1284 sancta

560 1306 873 1370 Romana
901 1309 1177 1371 ecclesia
1209 1328 1341 1371 non
1374 1307 1701 1391 leguntur,
1732 1308 1890 1390 quia
1919 1329 2147 1371 eorum
2180 1310 2294 1390 qui
2327 1309 2643 1391 scripsere
2691 1309 2964 1371 nomina

558 1394 825 1475 penitus
870 1395 1277 1478 ignorantur,
1322 1406 1389 1458 et
1442 1396 1528 1458 ab
1574 1393 1969 1471 infidelibus,
2018 1406 2133 1459 aut
2194 1396 2389 1458 dictis
2450 1394 2800 1478 superflua,
2847 1405 2964 1458 aut

555 1481 778 1543 minus
836 1494 997 1564 apta
1056 1502 1259 1564 quam
1317 1480 1417 1545 vt2
1477 1482 1568 1545 rei
1627 1482 1794 1545 ordo
1854 1482 2065 1558 fuerit,
2123 1484 2369 1565 scripta
2441 1502 2585 1545 esse
2629 1492 2967 1564 putantur.

552 1567 911 1632 ,Hactenus
985 1568 1291 1632 Gelasius
1370 1570 1570 1651 Papa.
1707 1569 1841 1652 Qui
1915 1571 2144 1633 statim
2221 1570 2576 1633 subiiciens
2648 1569 2964 1651 exempla

553 1655 976 1735 quorundam
1041 1665 1439 1733 sanctorum,
1500 1676 1783 1738 quorum
1852 1656 2142 1719 historiae
2204 1657 2290 1719 ab
2336 1656 2661 1719 haereticis
2723 1657 2960 1738 proba·

561 1741 802 1805 bantur
845 1763 990 1805 esse
1041 1745 1450 1824 conscriptae,
1499 1763 1719 1806 rursus
1780 1743 1917 1805 ait:
1982 1744 2259 1825 Propter
2318 1743 2497 1825 quod
2559 1745 2661 1822 (vt
2705 1743 2960 1806 dictum

554 1827 689 1910 est)
748 1849 833 1891 ne
892 1829 995 1892 vel
1073 1829 1281 1893 leuius
1355 1830 1811 1893 subsannandi
1886 1831 2163 1894 oriretur
2235 1831 2514 1905 occasi0,
2590 1830 2655 1892 in
2732 1840 2963 1891 sancta

562 1914 870 1978 Romana
928 1917 1205 1980 ecclesia
1266 1937 1396 1980 non
1473 1917 1798 1999 leguntur.
1909 1917 2021 1981 Sic
2081 1916 2400 1981 GelasiuS.
2522 1916 2772 1981 Contra
2817 1916 2959 1978 haec

556 2002 774 2084 igitur,
804 2023 955 2085 quae
986 2024 1251 2067 summa
1298 2005 1553 2067 ratione
1599 2006 1859 2067 fuerant
1905 2025 1943 2065 a
1989 2007 2236 2067 sanctis
2286 2004 2584 2088 patribus
2639 2004 2962 2079 instituta,

553 2089 1167 2154 animaduertentes
1269 2094 1579 2173 quaedam
1700 2092 2073 2155 temeritate
2178 2092 2596 2173 quarundam
2702 2091 2963 2172 priuata

556 2175 911 2257 irrepsisse,
985 2177 1337 2261 diligenter
1425 2179 1822 2254 curauimus,
1896 2189 1968 2242 vt
2044 2199 2195 2260 quae
2286 2177 2552 2261 publico
2643 2177 2960 2240 Ecclesiae

557 2263 826 2327 decreto
873 2265 1269 2341 reiiciuntur,
1328 2267 1605 2329 omuino
1651 2267 2028 2343 vitaremuS,
2089 2274 2157 2328 et
2203 2267 2268 2327 in
2332 2264 2732 2347 quibusdam
2794 2264 2961 2340 aliis,

558 2352 866 2414 resecatis
908 2371 1059 2434 quae
1105 2351 1191 2414 ad
1239 2372 1374 2414 rem
1426 2353 1643 2416 minus
1691 2353 2112 2435 pertinerent,
2159 2352 2626 2435 probatissima
2678 2371 2962 2433 quaeque

559 2437 1115 2502 consectaremur³
1174 2439 1364 2502 iuxta
1426 2453 1834 2522 praeceptum
1903 2439 2107 2516 Pauli,
2159 2459 2358 2521 quem
2410 2439 2513 2501 his
2580 2457 2845 2519 quoque
2896 2440 2961 2499 in

556 2524 751 2586 rebus
782 2537 1120 2588 auctorem
1153 2525 1468 2588 adhibere
1501 2527 1806 2589 iubemur
1850 2526 2095 2589 ibidem
2142 2528 2230 2589 ab
2274 2525 2567 2589 ecclesia.
2659 2525 2961 2588 Gelasius

556 2612 735 2674 enim
798 2614 864 2675 in
924 2612 1160 2676 eodem
1225 2612 1373 2677 loco
1448 2614 1533 2677 de
1608 2612 1945 2677 nonnullis
2018 2614 2307 2678 historiis
2353 2612 2766 2677 certitudinis
2827 2633 2960 2674 non

557 2699 923 2762 admodum
999 2700 1389 2782 exploratae,
1450 2720 1600 2783 quae
1676 2722 1716 2764 a
1783 2701 2127 2765 catholicis
2189 2702 2577 2783 legerentur,
2646 2699 2962 2781 loquutus

556 2786 702 2849 haec
747 2787 1024 2850 subiicit.
1117 2787 1251 2851 Sed
1285 2808 1434 2851 cum
1470 2788 1596 2851 hoc
1628 2789 1714 2851 ad
1763 2788 2239 2851 catholicorum
2288 2807 2526 2850 manus
2572 2787 2962 2870 peruenerit,

555 2873 733 2936 beati
783 2874 967 2937 Pauli
1005 2874 1292 2956 apostoli
1338 2876 1673 2939 sententia
1720 2876 2093 2958 praecedat:
2141 2875 2393 2939 Omnia
2440 2874 2733 2957 probate,
2778 2875 2960 2955 quod

557 2961 804 3023 bonum
866 2971 985 3038 est,
1045 2973 1284 3026 tenete.
1406 2963 1684 3025 Precum
1748 2982 1869 3044 pro
1917 2961 2350 3025 Pontificibus
2410 2971 2478 3024 et
2534 2961 2847 3044 Regibus,
2891 2970 2960 3023 et

555 3046 852 3111 fidelium
943 3049 1135 3112 bonis
1215 3049 1618 3131 spiritalibus
1695 3070 1772 3112 ac
1864 3048 2362 3132 temporalibuS,
2434 3047 2785 3130 diligenter
2858 3057 2961 3111 est

553 3134 855 3198 adhibita
887 3137 1070 3199 ratio.
1163 3136 1340 3199 Nam
1373 3136 1650 3218 singulis
1681 3136 1915 3199 diebus
1947 3136 2032 3199 ad
2071 3136 2476 3199 Matutinum
2498 3145 2565 3198 et
2592 3135 2957 3216 Vesperam

555 3222 793 3284 nostris
852 3223 1263 3304 temporibus
1322 3243 1578 3305 pacem,
1637 3223 1937 3287 ecclesiae
1998 3224 2315 3286 iustitiam
2391 3231 2460 3285 et
2533 3225 2956 3284 sanctitatem

549 3327 914 3391 precamur,
952 3319 1019 3372 et
1050 3309 1279 3373 fideles
1323 3329 1559 3373 omnes
1611 3320 1756 3373 tum
1803 3311 2122 3386 viuentes,
2167 3320 2310 3373 tum
2360 3310 2563 3372 etiam
2611 3308 2961 3371 defunctos

552 3395 705 3458 Deo
779 3398 1344 3459 commendamus
1467 3396 1667 3480 Quod
1731 3397 2093 3480 impensius
2167 3398 2370 3460 etiam
2447 3395 2745 3471 efficitur,
2804 3414 2956 3457 cum

543 3481 835 3546 officium
881 3482 1345 3547 defunctorum
1392 3485 1532 3547 siue
1577 3483 1816 3567 psalmi
1870 3483 2362 3566 poenitentiales
2414 3502 2566 3546 cum
2618 3482 2846 3545 litania
2892 3492 2961 3545 et

548 3569 960 3633 orationibus
1008 3569 1334 3652 leguntur,
1371 3582 1444 3634 ut
1492 3591 1672 3654 saepe
1719 3570 1820 3634 fit*
1850 3571 1915 3633 in
1971 3571 2497 3654 quadragesima,
2548 3569 2728 3652 quod
2780 3570 2960 3650 prius

550 3665 711 3718 tunc
744 3655 943 3720 fiebat
975 3657 1310 3721 duntaxat
1334 3678 1483 3720 cum
1517 3669 1825 3742 ageretur
1854 3659 1940 3721 de
1971 3657 2146 3722 feria.
2240 3658 2373 3722 Sed
2407 3657 2533 3719 hoc
2566 3670 2703 3719 tam
2738 3675 2958 3719 rarum

546 3753 691 3806 erat
745 3743 1226 3807 consuetudine
1285 3744 1671 3808 clericorum
1722 3744 1891 3807 festa
1944 3765 2065 3826 pro
2120 3745 2297 3825 ferijs
2345 3744 2840 3819 celebrantium,
2888 3753 2962 3806 vt

553 3830 848 3911 plerique
922 3830 1213 3914 ipsorum
1290 3831 1407 3893 vix
1483 3831 1688 3895 semel
1758 3842 1874 3894 aut
1934 3832 2171 3895 iterum
2234 3842 2378 3894 toto
2438 3850 2618 3892 anno
2665 3829 2961 3911 legerent

549 3915 842 3980 officium
907 3917 1144 3981 feriale.
1242 3918 1478 3999 Itaque
1537 3919 1589 3981 si
1651 3920 1798 4000 quis
1858 3919 2212 4003 diligenter
2270 3918 2833 3993 animaduerterit,
2891 3927 2962 3979 et

551 4014 741 4067 vetus
818 4015 1081 4087 patrum
1145 4004 1521 4068 consilium⁵
1583 4007 2094 4087 institutumque
2166 4006 2701 4080 considerauerit,
2761 4003 2960 4086 plane

552 4091 895 4174 intelliget,
923 4091 1051 4154 hoc
1082 4092 1477 4154 breuiarium
1504 4112 1637 4156 non
1686 4102 1826 4156 tam
1872 4113 2017 4155 esse
2061 4112 2311 4154 nouum
2358 4093 2724 4167 inuentum,
2754 4109 2958 4172 quam

552 4177 856 4241 breuiarii
888 4179 1142 4260 antiqui
1189 4178 1491 4243 adhibito
1536 4179 1831 4261 quodam
1876 4188 2409 4262 temperamento
2454 4179 2960 4243 restitutionem.

556 4264 785 4329 Habet
845 4266 1044 4347 igitur
1090 4265 1232 4328 haec
1279 4266 1590 4348 precandi
1644 4267 1812 4330 ratio
1861 4275 1993 4329 tres
2042 4266 2377 4329 maximas
2431 4264 2960 4342 commoditateS,

642 4458 658 4489 ¹
695 4460 820 4510 ista:
856 4474 936 4522 49.
964 4461 1043 4511 60.
1439 4459 1464 4491 ²
1493 4463 1629 4512 omit.
1671 4474 1749 4524 39.
1777 4471 1874 4513 etc.
2287 4459 2310 4492 ³
2341 4474 2773 4512 consecraremurz
2808 4473 2888 4523 42.

644 4524 665 4554 ⁴
697 4525 796 4576 sit:
833 4525 912 4589 38.
1440 4525 1462 4557 ⁸
1492 4528 1795 4579 conciliumz
1828 4539 1909 4591 43.
