3293 5225
931 454 1312 503 DOMINICA
1351 453 1459 501 III.
1500 453 1695 502 POST
1719 452 2290 504 PENTECOSTEN.
2733 456 2824 518 189

975 1140 1043 1211 (Ι
1074 1135 1423 1198 Domt‘nzca
1454 1136 1648 1197 tertia
1664 1146 1815 1217 post
1825 1146 2239 1219 pentecosten.

1138 1247 1251 1309 Ex
1275 1245 1539 1311 Exodo.1
1629 1247 1843 1310 Lectio
1857 1248 2102 1330 prima.

500 1360 560 1422 N
626 1359 862 1422 diebus
925 1358 1052 1422 illis
1106 1369 1462 1441 postquam
1526 1368 1825 1422 creuerat
1890 1360 2182 1440 Moyses,
2215 1380 2518 1443 egressus
2579 1371 2679 1424 est
2738 1361 2825 1425 ad

526 1447 760 1510 fratres
808 1467 965 1510 suos
1114 1448 1206 1509 Et
1238 1446 1535 1528 respexit
1568 1447 1883 1510 dominus
1931 1447 2100 1509 filios
2136 1447 2358 1524 Israel,
2388 1457 2457 1511 et
2510 1450 2827 1532 cognouit

411 1555 541 1597 e05.

931 1702 999 1773 (Ι
1028 1696 1137 1760 Ex
1165 1697 1357 1759 Actis
1394 1697 1455 1759 A
1452 1695 1891 1778 postolomm.2
1979 1697 2190 1759 Lectio
2222 1698 2305 1779 .ῂὶ

419 1820 1090 1953 COnsideransque
1160 1822 1346 1884 venit
1399 1820 1483 1884 ad
1547 1820 1824 1883 domum
1887 1822 2095 1884 Marie
2242 1831 2310 1884 et
2370 1820 2690 1886 Ioannem
2760 1824 2825 1886 in

571 1909 951 1972 ministeri0.

1004 2102 1072 2173 (Ι
1113 2097 1335 2160 Tertia
1363 2096 1540 2159 lectio
1567 2096 1916 2159 secundum
1948 2095 2235 2160 Lucam.³

429 2222 562 2351 IN
599 2223 714 2286 illo
744 2233 1061 2305 tempore,
1093 2222 1307 2322 Erant
1337 2222 1954 2321 appropinquantes
1985 2222 2071 2284 ad
2108 2222 2327 2285 Iesum
2377 2223 2712 2305 publicani
2759 2234 2827 2288 et

530 2319 929 2394 peccatoreS,
958 2319 1031 2372 vt
1062 2308 1367 2372 audirent
1400 2309 1602 2371 illum.
1697 2309 1789 2372 Et
1821 2309 2086 2390 reliqua.

1071 2495 1375 2559 Homilia
1402 2497 1615 2558 sancti
1646 2496 1972 2578 Gregonst
1987 2507 2165 2578 pape.

430 2623 825 2752 EStiuum
888 2632 1154 2704 tempus
1214 2621 1395 2703 quod
1462 2621 1721 2704 corpori
1785 2641 1936 2683 meo
1995 2622 2190 2685 valde
2261 2624 2663 2687 contrarium
2726 2635 2829 2688 est

588 2711 769 2793 loqui
846 2730 952 2773 me
1026 2709 1111 2773 de
1183 2709 1607 2792 expositione
1682 2709 1893 2772 sancti
1969 2709 2318 2791 euangelij,
2364 2710 2566 2793 longa
2642 2732 2828 2774 mora

420 2798 898 2863 interueniente
948 2796 1299 2879 prohibuit.
1390 2795 1525 2859 Sed
1578 2801 1791 2858 num?
1837 2795 1994 2878 quia
2047 2796 2273 2880 lingua
2327 2799 2549 2874 tacuit,
2600 2798 2829 2861 ardere

419 2885 707 2948 charitas
737 2885 1070 2947 cessauit?
1163 2884 1316 2946 Hoc
1347 2883 1593 2945 etenim
1628 2883 1799 2958 dico,
1829 2882 2012 2964 quod
2045 2885 2225 2964 apud
2273 2904 2345 2947 se
2377 2886 2828 2967 vnusquisque

419 2989 714 3036 vestrum
805 2972 1166 3052 cognoscit.
1305 2970 1702 3050 Plerumque
1776 2971 1955 3033 enim
2046 2969 2332 3034 charitas
2423 2972 2824 3054 quibusdam

418 3059 966 3142 occupationibus
1014 3056 1360 3140 prepedita
1411 3066 1480 3121 et
1528 3058 1788 3139 integra
1835 3056 2071 3138 flagrat
2120 3058 2185 3120 in
2239 3059 2455 3135 corde,
2485 3069 2554 3122 et
2601 3068 2827 3123 tamen

424 3168 556 3210 non
605 3154 1011 3209 monstratur
1057 3144 1149 3208 in⁵
1195 3165 1410 3227 opere.
1503 3144 1682 3226 Quia
1713 3153 1781 3207 et
1827 3144 1926 3207 sol
1972 3164 2124 3207 cum
2160 3145 2336 3208 nube
2381 3147 2646 3227 tegitur,
2692 3167 2824 3209 non

418 3233 682 3297 videtur
714 3234 779 3295 in
801 3243 974 3296 terra
1004 3241 1073 3295 et
1094 3243 1320 3295 tamen
1352 3231 1540 3294 ardet
1566 3232 1630 3292 in
1667 3232 1828 3308 ce10,
1850 3230 1987 3295 Sic⁶
2018 3242 2343 3314 occupata
2368 3253 2511 3295 esse
2543 3234 2828 3297 charitas

422 3320 628 3384 solet:
675 3332 743 3383 et
775 3321 952 3384 intus
983 3317 1143 3382 vim⁷
1173 3320 1272 3382 sui
1292 3318 1545 3381 ardoris
1576 3320 1799 3381 exurit
1829 3328 1896 3381 et
1921 3317 2076 3381 soris
2109 3318 2416 3383 flammas
2444 3321 2663 3402 operis
2696 3342 2827 3383 non

422 3408 731 3471 ostendit.
824 3406 958 3471 Sed
992 3408 1147 3489 quia
1180 3426 1354 3469 nunc
1387 3404 1472 3468 ad
1506 3404 1919 3487 loquendum
1951 3416 2215 3488 tempus
2248 3406 2443 3488 redijt
2473 3418 2692 3471 vestra
2724 3428 2831 3471 me

420 3495 644 3558 studia
674 3494 1064 3570 accendunt,
1086 3503 1159 3557 vt
1192 3493 1350 3555 mihi
1382 3502 1572 3556 tanto
1603 3493 1891 3575 amplius
1922 3492 2104 3576 loqui
2145 3493 2390 3571 libeat,⁸
2419 3504 2674 3576 quanto
2704 3494 2831 3558 hoc

420 3592 637 3645 vestre
700 3595 956 3644 mentes
1016 3579 1516 3644 desiderabilius
1576 3589 1959 3662 expectant.
2052 3580 2357 3643 Audistis
2423 3583 2487 3644 in
2549 3581 2832 3645 lectione

423 3669 810 3751 euangelica
864 3668 1096 3731 fratres
1126 3668 1256 3730 mei
1309 3669 1466 3750 quia
1499 3676 1877 3749 peccatores
1930 3677 1997 3730 et
2030 3668 2364 3750 publicani
2416 3678 2833 3732 accesserunt

423 3755 509 3819 ad
556 3755 1043 3838 redemptorem
1093 3764 1412 3830 nostrum,
1442 3752 1536 3817 et⁹
1581 3774 1715 3817 non
1763 3755 1978 3817 solum
2017 3753 2102 3816 ad
2150 3754 2682 3836 colloquendum,
2717 3757 2832 3819 sed

422 3844 626 3905 etiam
681 3842 766 3919 ad
820 3844 1355 3906 conuescendum
1388 3842 1630 3924 recepti
1685 3850 1855 3904 sunt.
1948 3841 2149 3923 Quod
2196 3843 2499 3905 videntes
2551 3844 2834 3925 pharisei

426 3929 769 4011 dedignati
858 3938 1029 3993 sunt.
1151 3929 1260 3991 Ex
1337 3949 1469 4010 qua
1546 3928 1964 4009 recolligitur,
2060 3930 2217 4010 quia
2325 3951 2481 3992 vera
2589 3931 2835 3994 iustitia

427 4018 956 4099 compassionem
1004 4015 1224 4092 habet,
1256 4015 1421 4077 falsa
1442 4035 1599 4077 vero
1644 4014 2208 4097 dedignationem,
2239 4016 2546 4098 quamuis
2582 4026 2649 4080 et
2681 4018 2833 4081 iusti

428 4104 688 4167 soleant
721 4113 894 4166 recte
914 4100 1422 4185 peccatoribus¹⁰
1451 4102 1822 4183 dedignari.
1913 4102 2048 4166 Sed
2074 4103 2251 4166 aliud
2275 4113 2376 4167 est
2407 4106 2586 4185 quod
2618 4105 2838 4186 agitur

427 4201 594 4274 typo
641 4190 965 4273 superbie,
995 4189 1173 4252 aliud
1223 4188 1405 4270 quod
1459 4189 1602 4250 zelo
1652 4189 2018 4271 discipline,
2069 4189 2538 4272 Dedignantur
2588 4192 2837 4254 etenim

528 4373 547 4405 ¹
582 4374 653 4436 [ii.
688 4376 887 4439 11-25,]
1146 4371 1168 4403 2
1201 4373 1305 4434 [xii.
1342 4373 1568 4422 12—xiii.
1600 4375 1674 4436 5.]
1870 4373 1890 4401 ²³
1923 4373 2012 4423 Ca.
2048 4385 2104 4437 15
2130 4376 2187 4423 in
2211 4393 2276 4423 m.

529 4438 550 4469 ⁴
581 4441 796 4490 Leonis:
833 4440 912 4503 63.
1142 4437 1163 4467 ⁶
1196 4450 1313 4488 tuo:
1348 4438 1428 4487 61.
1869 4437 1891 4467 ⁰
1923 4440 2045 4489 sed:
2083 4440 2162 4502 38.
2461 4439 2481 4471 ⁷
2517 4441 2594 4491 vi:
2631 4441 2709 4503 63.
2743 4449 2747 4453 ⁴

528 4502 550 4534 ⁸
583 4506 762 4555 liceat:
799 4518 877 4568 39.
1144 4502 1166 4533 ⁹
1197 4520 1289 4553 om.
1320 4504 1397 4568 38.
1853 4502 1891 4533 ¹⁰
1924 4506 2354 4568 procuratoribus:
2393 4506 2470 4569 38.
