3293 5225
540 457 557 491 1
569 444 630 506 56
1155 443 1394 491 SABBA
1409 443 1500 491 TO
1534 441 1726 491 POST
1751 443 1798 490 A
1805 443 1846 489 S
1849 441 2075 490 CENSI
2077 441 2305 491 ONEM.

1041 652 1107 721 ΙΙ
1138 646 1336 708 Feria
1366 655 1545 707 sexta
1576 666 1655 706 ex
1687 642 1957 707 Genesi.¹
2048 644 2261 707 Lectio
2293 644 2352 710 .i.

658 757 788 822 Ost
819 758 987 821 duos
1034 778 1243 820 annos
1293 757 1456 820 vidit
1517 758 1774 819 Pharao
1822 757 2153 820 somnium
2308 756 2586 838 Absque
2633 777 2740 819 me
2786 758 2952 820 deus

686 844 1141 928 respondebis-²
1172 865 1487 928 prospera
1524 844 1866 907 Pharaoni.

736 987 801 1057 (1
832 982 946 1044 Ex
970 981 1265 1063 Epistola
1282 979 1533 1062 prima3
1564 981 1777 1043 Pauli
1799 981 1896 1042 ad
1923 978 2333 1045 Corinthios*
2419 981 2631 1044 Lectio
2662 982 2745 1063 a).

551 1093 972 1222 IMitatores
1006 1094 1133 1157 mei
1168 1103 1384 1157 estote
1416 1093 1583 1156 sicut
1615 1105 1683 1155 et
1715 1113 1842 1175 ego
1875 1090 2109 1166 Cristi†
2261 1092 2339 1155 In
2372 1093 2498 1155 hoc
2532 1113 2665 1156 non
2703 1093 2918 1157 laudo,

1043 1298 1110 1368 {1
1140 1293 1353 1355 Lectio
1384 1292 1495 1374 ‚iili
1526 1313 1734 1354 sermo
1763 1292 1979 1355 sancti
2004 1291 2240 1354 Leonis
2255 1303 2436 1374 pape.

554 1404 792 1532 POst
868 1404 1133 1468 beatam
1209 1415 1277 1467 et
1354 1404 1711 1487 gloriosam
1804 1403 2054 1466 domini
2152 1404 2359 1466 nostri
2455 1404 2605 1467 Iesu
2699 1402 2945 1468 Christi

691 1492 1232 1555 resurrectionem
1267 1511 1400 1573 qua
1445 1511 1673 1554 verum
1718 1490 1845 1554 Dei
1896 1489 2222 1573 templum
2283 1490 2556 1554 Iudaica
2604 1491 2951 1572 impietate

541 1579 902 1642 resolutum
967 1578 1220 1641 diuina⁵
1253 1578 1475 1640 triduo
1552 1579 1852 1660 potentia
1928 1578 2309 1641 suscitauit:
2386 1578 2950 1660 quadragenarius

541 1665 739 1728 hodie
801 1665 1214 1729 dilectissimi
1291 1675 1675 1729 sanctorum
1740 1665 1994 1727 dierum
2071 1666 2382 1747 expletus
2457 1675 2559 1727 est
2635 1685 2951 1728 numerus

539 1753 984 1815 sacratissima
1043 1752 1461 1815 ordinatione
1535 1753 1916 1834 disposituS,
1992 1761 2059 1814 et
2135 1751 2220 1814 ad
2296 1752 2649 1815 vtilitatem
2729 1762 2948 1815 nostre

540 1839 929 1902 eruditionis
962 1840 1316 1921 impensus,
1429 1839 1522 1901 Vt
1575 1838 1734 1900 dum
1784 1859 1823 1900 a
1870 1839 2147 1901 domino
2202 1840 2266 1901 in
2318 1839 2443 1901 hoc
2493 1841 2720 1921 spacio
2767 1859 2951 1901 mora

544 1928 873 2009 presentie
904 1926 1261 2008 corporalis
1308 1927 1716 2002 extenditur,
1769 1924 1933 1988 fides
1988 1926 2483 1989 resurrectionis
2534 1927 2952 1989 documentis

539 2013 925 2094 necessarijs
951 2014 1332 2077 muniretur.
1410 2014 1594 2075 Mors
1614 2013 1792 2075 enim
1827 2012 2069 2076 Christi
2093 2012 2451 2076 multorum
2479 2012 2948 2096 discipulorum

539 2100 741 2163 corda
773 2100 1193 2164 turbauerat:
1241 2110 1308 2162 et
1354 2102 1438 2163 de
1490 2099 1818 2183 supplicio
1870 2100 2098 2176 cruciS,
2132 2102 2214 2162 de
2262 2100 2615 2163 emissione
2664 2102 2953 2182 spirituS,

542 2189 627 2250 de
657 2186 1052 2250 exanimati⁶
1083 2188 1375 2269 corporis
1408 2187 1767 2269 sepultura,
1791 2188 2085 2268 grauatis
2119 2188 2546 2251 mestitudine
2579 2186 2950 2249 mentibus:

542 2272 843 2355 quidam⁷
875 2273 1241 2337 diffidentie
1273 2284 1501 2356 torpor
1520 2275 1920 2356 obrepserat.
2000 2274 2176 2336 Nam
2210 2294 2361 2336 cum
2397 2283 2625 2337 sancte
2646 2275 2953 2336 mulieres

540 2364 559 2431 (
574 2361 743 2424 sicut
768 2361 1153 2442 euangelica
1179 2361 1369 2424 nobis
1392 2360 1706 2444 patefecit
1725 2360 2027 2440 historia)
2053 2361 2423 2424 reuolutum
2446 2381 2485 2423 a
2511 2371 2950 2424 monumento

543 2448 831 2531 lapidem
909 2448 1466 2530 sepulchrumque
1540 2469 1816 2530 corpore
1877 2467 2159 2510 vacuum
2221 2457 2288 2510 et
2349 2448 2635 2511 viuentis
2695 2448 2948 2510 domini

545 2544 747 2597 testes
827 2535 1101 2618 angelos
1180 2536 1570 2598 nunciarent
1653 2536 1851 2598 verba
1932 2555 2158 2597 earum
2244 2535 2567 2618 apostolis
2665 2535 2947 2618 alijsque

543 2624 902 2706 discipuliS‚
933 2623 1387 2686 deliramentis
1418 2623 1660 2686 similia
1691 2623 2102 2686 videbantur.

1145 2766 1210 2836 (1
1249 2759 1531 2823 Sabbato
1561 2781 1640 2822 ex
1675 2759 1949 2825 Genesi.8
2037 2760 2252 2823 Lectio
2285 2760 2342 2824 .i.

558 2871 982 3001 NArrauit
1042 2893 1201 2954 ergo
1265 2873 1521 2935 Pharao
1580 2874 1761 2954 quod
1817 2872 2074 2935 viderat
2250 2871 2365 2935 fiat
2420 2892 2638 2935 sermo
2691 2872 2836 2947 Dei,
2885 2885 2952 2935 et

736 2959 1025 3022 velocius
1075 2958 1477 3042 impleatur.⁹

742 3094 807 3164 (1
841 3089 952 3151 Ex
977 3089 1271 3171 Epistola
1287 3088 1514 3170 prima
1543 3088 1758 3151 Pauli
1779 3089 1876 3151 ad
1903 3086 2335 3153 Corz‘ntlzios.¹⁰
2422 3087 2635 3151 Lectio
2664 3088 2748 3170 .ῂῖ

556 3200 790 3330 EGo
821 3202 998 3301 enim
1033 3201 1257 3283 accepi
1290 3221 1328 3262 a
1361 3200 1637 3263 domino
1683 3200 1862 3282 quod
1895 3210 1962 3263 et
2016 3200 2257 3263 tradidi
2306 3201 2495 3264 vobis
2644 3200 2953 3264 diuidens

712 3289 989 3370 smguhs
1021 3298 1215 3369 prout
1245 3288 1405 3352 vult.

866 3422 931 3492 (1
966 3416 1175 3479 Lectio
1207 3416 1415 3481 tertia.
1507 3416 1619 3478 Ex
1643 3437 1931 3479 sermone
1958 3416 2172 3478 sancti
2196 3416 2431 3479 Leonis
2447 3427 2629 3498 pape.

689 3529 865 3591 Vam
928 3529 1156 3610 vtique
1215 3529 1682 3591 hesitationem
1747 3528 2041 3591 humana
2103 3528 2486 3592 infirmitate
2561 3538 2948 3592 nutantem:

719 3636 1141 3697 nequaquam
1233 3616 1640 3697 permisisset
1714 3617 1984 3696 spiritus
2074 3616 2372 3679 veritatis
2462 3616 2950 3698 predicatorum

540 3723 808 3765 suorum
845 3703 1057 3765 inesse
1092 3702 1471 3784 pectoribus
1502 3726 1515 3766 ε
1564 3702 1691 3765 nisi
1726 3702 1837 3764 illa
1869 3704 2126 3786 trepida
2174 3703 2525 3766 solicitudo
2574 3713 2642 3767 et
2695 3704 2953 3765 curiosa

541 3790 895 3863 cunctati0‚
974 3799 1197 3852 nostre
1287 3788 1439 3852 fidei
1517 3788 1955 3853 fundamenta
2032 3790 2337 3853 iecissent
2417 3790 2679 3852 Nostris
2755 3791 2953 3872 igitur

540 3876 1187 3959 perturbationibus:
1266 3877 1508 3939 nostris
1573 3877 1881 3958 periculis
1942 3876 2007 3939 in
2071 3875 2393 3958 apostolis
2469 3876 2952 3940 consulebatur.

546 3964 686 4026 Nos
721 3965 784 4026 in
820 3964 946 4026 illis
977 3963 1131 4026 viris
1163 3972 1393 4026 contra
1440 3963 1808 4026 calumnias
1864 3963 2239 4045 impiorum,
2294 3974 2362 4028 et
2415 3974 2647 4026 contra
2698 3976 2954 4026 terrene

540 4060 936 4134 argumenta
968 4051 1292 4132 sapientie
1324 4049 1733 4113 docebamur
1768 4051 1911 4114 Nos
1965 4051 2225 4113 illorum
2280 4051 2595 4114 instruxit
2644 4061 2952 4133 aspectus

638 4177 651 4206 ¹
689 4177 778 4227 Ca.
808 4190 887 4238 41.
918 4179 974 4226 in
998 4195 1064 4228 m.
1094 4177 1199 4239 [xli.
1236 4176 1402 4238 1-16.]
1842 4176 1865 4208 ²
1895 4178 2186 4243 respondit:
2225 4179 2302 4242 38.

637 4244 657 4271 ³
689 4261 781 4293 om.
811 4255 889 4306 43.
1843 4242 1864 4273 ⁴
1898 4244 1986 4293 Ca.
2022 4257 2094 4293 11.
2124 4246 2182 4293 in
2206 4261 2272 4293 m.
2300 4244 2388 4304 [xi.
2424 4244 2591 4305 1-22]

637 4307 657 4335 ⁶
691 4309 772 4357 in:
810 4308 921 4358 add.
962 4320 1040 4371 39.
1082 4321 1160 4368 41.
1190 4307 1269 4357 60.
1301 4307 1379 4357 61.
1441 4307 1604 4358 sein:
1640 4309 1753 4358 add.
1783 4308 1861 4372 63.

634 4371 655 4401 ⁶
687 4373 990 4423 examinati:
1028 4386 1105 4437 39.
1833 4373 1853 4405 '¹'
1886 4374 2123 4439 quidem:
2161 4386 2238 4438 39.

635 4440 655 4466 ‘⁴
688 4440 792 4499 [xli.
830 4440 1028 4501 17-32.]
1052 4455 1092 4488 c.
1122 4451 1202 4499 41.
1232 4440 1289 4487 in
1326 4455 1390 4488 m.
1420 4451 1498 4501 43.
1529 4450 1606 4500 49.
1637 4438 1717 4489 61.
1748 4438 1826 4499 64.

635 4502 655 4533 ⁹
690 4505 955 4569 impletur:
992 4504 1070 4566 63.
1852 4502 1887 4533 ¹⁰
1920 4504 2006 4565 [xi.
2038 4506 2248 4568 23—-xii,
2285 4506 2386 4567 11.]
