3293 5225
592 447 691 500 370
1343 436 1395 484 S.
1436 433 1779 484 JOANNES
1808 434 2138 482 APOSTOL
2150 434 2249 484 υς.
2766 434 2950 494 [Dae.
2980 446 3057 494 27.

720 589 975 652 Deinde
982 588 1081 671 fit
1105 587 1614 651 commemoratio
1642 587 1721 649 de
1750 586 2098 650 natiuitate
2127 598 2201 649 vt
2226 598 2429 669 supra
2461 588 2535 648 in
2566 587 2934 650 laudibus.

727 682 793 751 (I
837 676 1114 739 Ioannes
1140 675 1458 757 apostolus
1485 685 1549 737 et
1574 674 1973 756 euangelzkta
2003 675 2237 757 duplex
2264 672 2524 738 Μαίης)

727 789 851 850 Ad
931 788 1346 851 matutinum.
1428 785 1900 848 Inuitaton'um
1999 796 2062 847 et
2158 785 2440 868 hymnus
2527 787 2611 848 de
2710 785 3071 849 communi

593 875 1036 957 apostolorum.

727 962 1125 1043 Antzjokona.
1220 960 1353 1023 Hic
1383 970 1484 1023 est
1515 959 1878 1042 discipulus
1910 959 2034 1036 ille,
2065 960 2178 1041 qui
2221 960 2695 1023 testimonium
2736 961 3063 1044 perhibet

595 1049 679 1113 de
709 1049 830 1126 his,
860 1059 927 1113 et
959 1050 1201 1112 scimus
1231 1049 1388 1130 quia
1419 1068 1646 1110 verum
1681 1058 1782 1110 est
1814 1049 2267 1110 testimonium
2300 1048 2458 1111 eius

1507 1187 1575 1259 (Ι
1622 1182 1676 1245 L
1687 1183 1839 1245 ectio
1870 1184 2079 1247 tertia.

612 1296 957 1426 IOannes
1031 1296 1374 1380 apostolus
1446 1303 1515 1358 et
1587 1294 2020 1376 euangelista,
2081 1295 2195 1376 qui
2270 1316 2421 1358 cum
2491 1294 2757 1359 Iacobo
2850 1297 3062 1360 fratre

708 1385 1023 1447 christum
1058 1405 1126 1446 se
1157 1391 1506 1445 vocantem
1541 1382 1781 1444 relictis
1813 1382 2060 1445 retibus
2088 1392 2159 1445 et
2190 1391 2375 1465 patre
2409 1382 2734 1446 Zebedeo
2769 1395 3066 1447 secutus

598 1481 699 1535 est
749 1473 915 1534 mira
964 1470 1285 1533 charitate
1338 1467 1657 1532 christum
1710 1468 1948 1532 dilexit
2011 1492 2024 1531 ε
2083 1480 2316 1551 estque
2369 1470 2457 1532 ab
2505 1470 2657 1552 ipso
2727 1474 3061 1535 maxime

597 1560 897 1622 omnium
992 1557 1465 1639 discipulorum
1557 1554 1853 1619 dilectus,
1977 1556 2179 1619 Hunc
2267 1558 2444 1619 enim
2538 1555 2854 1620 christus
2940 1580 3065 1622 sue

599 1644 1158 1726 transfigurationi
1206 1643 1413 1707 voluit
1455 1663 1607 1704 cum
1661 1643 1855 1705 Petro
1907 1653 1974 1706 et
2025 1642 2271 1706 Iacobo
2318 1643 2513 1706 fratre
2560 1644 2935 1720 interesse,
2994 1659 3065 1710 et

596 1752 747 1794 cum
794 1731 1043 1795 eisdem
1076 1752 1149 1794 se
1194 1730 1494 1793 comitari
1526 1729 1612 1792 ad
1666 1728 1816 1791 Iairi
1848 1729 2357 1813 archisynagogi
2405 1729 2607 1792 filiam
2641 1734 3061 1796 sanandam

598 1819 1100 1902 ingredientem,
1162 1817 1470 1898 idemque
1532 1837 1683 1879 cum
1749 1816 1944 1879 Petro
2005 1819 2244 1880 missus
2302 1828 2419 1892 est,
2478 1829 2557 1880 vt
2613 1817 2710 1880 illi
2782 1822 3065 1901 pascha

600 1916 923 1989 pararent,
978 1907 1042 1968 in
1092 1925 1303 1986 eaque
1359 1914 1692 1985 postrema
1740 1924 1904 1966 cena
1956 1904 2020 1967 in
2071 1906 2217 1968 sinu
2267 1904 2521 1968 domini
2571 1906 2923 1982 recubuit,
2991 1920 3063 1970 et

599 1993 777 2055 solus
836 2001 938 2056 est
985 2013 1185 2056 ausus
1233 1991 1519 2054 eundem
1573 1990 1657 2052 de
1709 1989 2062 2072 proditoris
2109 1993 2380 2055 nomine
2441 1994 2856 2073 percontari.
2962 1995 3060 2057 Et

599 2079 779 2161 quod
839 2090 940 2142 est
1013 2080 1310 2142 omnium
1369 2078 1743 2140 maximum
1795 2087 2025 2140 mutue
2092 2078 2464 2141 dilectionis
2525 2092 3061 2160 argumentum,

599 2166 880 2230 christus
924 2187 1075 2229 cum
1112 2165 1428 2248 penderet
1476 2165 1539 2226 in
1587 2184 1779 2226 cruce
1824 2163 1977 2227 huic
2020 2167 2442 2247 potissimum
2492 2176 2781 2228 matrem
2841 2189 3053 2232 suam

598 2254 1116 2329 commendauit,
1167 2252 1253 2315 ad
1307 2272 1454 2314 eam
1506 2252 1684 2314 enim
1741 2271 2113 2316 conuersus
2236 2252 2478 2315 Mulier
2532 2253 2819 2335 (inquit)
2884 2277 3057 2318 ecce

601 2341 772 2404 filius
818 2351 988 2416 tuuS,
1017 2350 1085 2403 et
1116 2339 1200 2402 ad
1250 2336 1501 2401 illum²z
1593 2338 1770 2400 Ecce
1819 2348 2029 2401 mater
2060 2349 2190 2403 tua.
2285 2339 2417 2401 Hic
2464 2359 2734 2420 quoque
2768 2344 3053 2422 primus

600 2429 899 2491 omnium
979 2427 1431 2510 apostolorum
1518 2436 1669 2507 post
1730 2427 2267 2490 resurrectionem
2353 2426 2441 2489 ad
2503 2440 3047 2491 monumentum

604 2516 919 2598 peruenit.
1044 2514 1230 2576 Idem
1294 2513 1529 2575 ceteris
1588 2512 1955 2593 euangelijs
2000 2513 2388 2596 approbatis
2448 2513 2534 2576 ad
2588 2515 3045 2578 asserendam

602 2603 825 2666 christi
940 2601 1358 2665 diuinitatem
1475 2610 1706 2662 contra
1813 2599 2210 2664 Hebionitas
2322 2601 2664 2677 hereticos,
2759 2604 3044 2685 scripsit

601 2690 1021 2772 euangelium
1055 2689 1327 2752 vltimus
1359 2687 1657 2749 omnium
1696 2688 1759 2749 in
1794 2687 1977 2750 Asia.
2068 2688 2239 2751 Cum
2277 2686 2530 2751 autem³
2561 2692 3046 2771 persecutione

605 2777 975 2841 Domitiani
1026 2776 1274 2859 Ephesi
1328 2784 1580 2856 captus,
1611 2786 1680 2837 et
1728 2794 1911 2837 rome
1955 2776 2057 2854 (vt
2106 2774 2556 2838 Tertullianus
2600 2785 2704 2838 est
2753 2777 3047 2857 author)

604 2867 668 2928 in
703 2864 955 2927 dolium
996 2862 1308 2925 seruentis
1353 2861 1480 2924 olei
1514 2861 1823 2937 deiectus,
1855 2860 2204 2924 incolumis
2234 2863 2555 2926 euasisset
2579 2863 2644 2924 in
2681 2863 3039 2927 Pathmon

606 2952 887 3016 insulam
971 2950 1300 3032 relegatus
1381 2958 1498 3023 est,
1558 2948 1669 3010 vbi
1755 2948 2213 3030 Apocalipsim
2290 2950 2694 3031 conscripsit.
2821 2950 3040 3014 Vnde

605 3039 915 3102 reductus
963 3037 1304 3119 Ephesum
1354 3035 1546 3115 (actis
1596 3034 1963 3097 Domitiani
2013 3046 2164 3117 post
2208 3037 2348 3098 eius
2396 3045 2676 3099 mortem
2711 3057 2752 3098 a
2783 3049 3035 3101 senatu

605 3126 923 3206 rescissis)
960 3125 1361 3186 Drusianam
1397 3123 1636 3203 insigni
1670 3121 1985 3203 religione
2018 3123 2358 3186 mulierem
2393 3144 2603 3206 nuper
2632 3123 3036 3188 defunctam

608 3214 672 3276 in
737 3212 961 3274 christi
1012 3211 1319 3273 nazareni
1376 3210 1646 3271 nomine
1708 3210 1793 3270 ad
1846 3210 2053 3271 vitam
2111 3212 2465 3286 reuocauit,
2515 3230 2649 3292 quo
2700 3213 3041 3275 miraculo

610 3299 854 3361 multos
898 3298 985 3361 ad
1031 3317 1254 3360 veram
1311 3294 1510 3358 fidem
1558 3296 1932 3358 conuertit:
1965 3296 2187 3377 ibique
2247 3317 2454 3378 vsque
2503 3297 2587 3360 ad
2652 3296 3033 3362 Traianum

609 3387 971 3469 principem
1022 3403 1465 3467 perseueranS,
1496 3381 1806 3445 ecclesias
1853 3382 2016 3445 Asie
2061 3403 2101 3445 a
2134 3405 2203 3447 se
2250 3383 2561 3447 fundatas
2605 3386 3040 3449 sanctissime

608 3474 796 3536 rexit.
888 3472 1192 3534 Tandem
1241 3471 1425 3533 senio
1469 3468 1833 3532 confestus⁴
1875 3468 2098 3551 ‚lxviij.
2145 3481 2296 3553 post
2341 3472 2716 3553 passionem
2768 3471 3038 3536 domini

608 3580 803 3636 ann0,
864 3579 980 3622 sue
1056 3579 1211 3621 vero
1271 3558 1466 3620 etatis
1542 3557 1996 3637 nonagesimO,
2056 3558 2163 3620 jx.
2240 3567 2561 3620 structum
2641 3558 2767 3621 sibi
2842 3561 3039 3642 apud

612 3646 952 3730 Ephesum
1017 3644 1437 3727 sepulchrum
1500 3644 1735 3705 vinens
1795 3644 2013 3723 subijt.
2135 3644 2310 3707 Tum
2387 3644 2703 3727 splendor
2764 3648 3045 3710 tumulo

609 3732 1085 3809 circumfulsiS,⁵
1118 3732 1243 3795 loci
1276 3731 1696 3811 hominisque
1738 3740 2079 3812 aspectum
2128 3731 2708 3795 circumstantibus
2755 3733 3043 3810 ademit,

609 3842 743 3903 quo
775 3819 1196 3904 postmodum
1249 3819 1624 3881 remittente
1657 3818 1852 3880 inane
1898 3819 2208 3900 apparuit
2236 3819 2698 3895 conditorium,
2731 3841 2859 3884 nec
2895 3824 3049 3905 ipse

609 3919 760 3992 post
791 3906 883 3971 id⁶
914 3917 1177 3988 tempus
1208 3915 1308 3968 est
1342 3906 1404 3967 in
1440 3906 1625 3967 terris
1656 3906 1849 3967 visuS.

1561 4046 1630 4116 ([
1676 4040 1737 4101 A
1746 4041 1799 4102 d
1828 4038 2067 4104 laudes.

743 4155 1138 4238 Antzjoltona.
1261 4153 1435 4217 Sunt
1509 4152 1593 4215 de
1655 4150 1786 4215 hic⁷
1861 4154 2205 4229 stantibuS,
2266 4154 2376 4235 qui
2448 4175 2578 4216 non
2659 4158 3054 4238 gustabunt

613 4254 914 4320 mortem,
944 4243 1155 4306 donec
1186 4240 1459 4304 videant
1492 4239 1699 4301 filium
1735 4239 2022 4303 hominis
2055 4242 2119 4302 in
2156 4262 2361 4323 regno
2394 4261 2530 4305 sun.

708 4378 724 4409 ¹
761 4380 842 4429 die
866 4390 926 4439 27
953 4381 1010 4427 in
1034 4395 1097 4427 m.
1651 4372 1674 4404 ²
1706 4375 1874 4424 illam:
1911 4389 1989 4435 41.
2437 4376 2458 4405 ³
2492 4377 2574 4425 in:
2612 4380 2727 4428 add.
2759 4392 2845 4443 39.
2878 4393 2983 4433 etc.

709 4444 730 4475 ⁴
761 4445 1047 4494 confectus:
1085 4442 1162 4506 38.
1192 4450 1286 4492 etc.
1654 4438 1676 4469 ⁸
1708 4440 2046 4490 circunfusus:
2085 4453 2161 4504 39.
2192 4453 2285 4492 etc.

709 4507 731 4539 ⁶
763 4510 859 4559 ad:
895 4522 974 4572 43.
1658 4505 1678 4536 ⁷
1711 4506 1863 4555 hinc:
1901 4519 1978 4569 39.
2009 4520 2087 4568 41.
