3293 5225
569 443 661 494 194
895 432 1127 482 FERIA
1166 434 1239 482 II.
1281 431 1722 481 DOMJNJCAE
1768 432 1823 480 V.
1863 432 2054 481 POST
2080 429 2644 480 PENTECOSTEN.

1117 640 1185 711 (Ι
1215 634 1328 697 Ex
1352 634 1516 697 actis
1543 632 2011 716 apostolorum}
2102 633 2314 697 Lectio
2346 633 2429 715 ‚ill

576 760 704 887 Α
778 761 1012 823 Mileto
1073 768 1295 822 autem
1361 759 1633 821 mittens
1698 758 2062 840 Ephesum,
2116 759 2378 821 vocauit
2456 757 2736 820 maiores
2812 767 2971 820 natu

743 847 1018 910 ecclesie
1169 847 1258 909 Et
1289 845 1712 909 deducebant
1743 865 1894 908 eum
1929 846 2011 908 ad
2047 865 2308 908 nauem.

1087 1031 1155 1102 (Ι
1210 1026 1433 1088 Tertia
1462 1024 1637 1087 lectio
1664 1025 2008 1087 secundum
2040 1024 2344 1086 Mattheu
2351 1022 2457 1087 m.²

584 1149 716 1278 IN
751 1149 865 1212 illo
896 1159 1214 1233 tempore,
1247 1149 1446 1212 Dixit
1502 1150 1686 1212 lesus
1740 1149 2078 1231 discipulis
2127 1149 2280 1225 suiS,
2313 1148 2535 1211 Amen
2583 1148 2736 1248 dico
2788 1147 2980 1211 vobis

681 1236 805 1299 nisi
866 1236 1306 1300 abundauerit
1368 1236 1618 1299 iustitia
1694 1246 1910 1299 vestra
1961 1260 1975 1298 ε
2044 1236 2396 1319 plusquam
2473 1236 2833 1299 scr1barum
2910 1246 2979 1299 et

575 1323 1054 1401 Phariseorum,
1086 1345 1218 1387 non
1252 1324 1581 1387 intrabitis
1613 1325 1678 1385 in
1716 1343 1987 1405 regnum
2022 1323 2331 1386 celorum.
2426 1323 2516 1386 Et
2547 1321 2816 1403 reliqua.

1107 1510 1173 1579 (ἶ
1205 1503 1288 1565 H
1281 1503 1505 1565 omilia
1533 1503 1749 1565 sancti
1771 1503 1832 1565 A
1844 1503 2145 1584 agustini
2167 1503 2443 1584 episcopi.

588 1627 832 1756 NIsi
883 1648 1015 1689 non
1067 1627 1284 1691 solum
1337 1628 1448 1689 illa
1481 1627 1758 1690 minima
1791 1627 1956 1710 legis
2001 1627 2432 1709 impleueritis
2487 1637 2799 1709 precepta
2849 1647 2979 1709 que

768 1715 1080 1777 inchoant
1133 1715 1455 1789 homines,
1502 1716 1618 1776 sed
1674 1715 1875 1777 etiam
1933 1715 2059 1776 ista
2107 1735 2236 1795 que
2282 1735 2322 1776 a
2360 1734 2466 1777 me
2497 1713 2837 1777 adduntur
2867 1713 2978 1795 qui

575 1821 707 1863 non
741 1803 891 1864 veni
926 1802 1138 1883 legem
1173 1801 1447 1877 soluere,
1479 1802 1594 1864 sed
1627 1801 2012 1883 adimplere,
2043 1821 2175 1864 non
2212 1801 2540 1864 intrabitis
2586 1801 2650 1864 in
2700 1821 2976 1882 regnum

573 1887 884 1952 celorum.
1000 1889 1133 1952 Sed
1184 1888 1347 1951 dicis
1399 1890 1576 1951 mihi.
1687 1889 1758 1951 Si
1815 1888 1900 1951 de
1954 1888 2080 1951 illis
2128 1887 2462 1951 mandatis
2507 1889 2796 1951 minimis
2828 1908 2979 1951 cum

573 1976 873 2057 superius
907 1974 1258 2058 legeretur³
1287 1974 1461 2039 dixit
1498 1976 1844 2037 minimum
1878 1976 2096 2038 vocari
2130 1977 2194 2037 in
2229 1996 2434 2056 regno
2466 1976 2774 2051 celorum,
2805 1977 2981 2057 quis-

575 2065 722 2143 quis
743 2083 944 2124 vnum
978 2083 1205 2125 eorum
1240 2061 1508 2125 soluerit
1528 2073 1594 2125 et
1616 2062 1980 2125 secundum
2013 2083 2199 2125 suam
2234 2063 2629 2125 solutionem
2665 2062 2984 2138 docuerit,

576 2170 895 2230 magnum
947 2160 1169 2213 autem
1205 2151 1422 2212 vocari
1473 2151 1770 2231 quisquis
1813 2171 1891 2212 ea
1940 2149 2162 2212 fecerit
2209 2159 2275 2212 et
2322 2151 2414 2211 sic
2447 2151 2762 2224 docuerit,
2794 2161 2859 2212 et
2890 2170 2978 2212 ex

574 2257 656 2298 eo
688 2238 818 2299 iam
854 2238 919 2299 in
973 2258 1177 2317 regno
1227 2240 1517 2299 celorum
1575 2237 1864 2299 futurum
1916 2256 2060 2299 esse
2109 2238 2265 2317 quia
2320 2257 2601 2317 magnus
2633 2246 2732 2299 est
2776 2236 2980 2317 :quid

575 2344 745 2405 opus
796 2334 898 2386 est
946 2323 1101 2386 addi
1158 2323 1323 2406 legis
1376 2325 1706 2406 preceptis
1761 2324 2051 2386 minimis
2082 2329 2249 2386 sua?
2345 2323 2419 2385 In
2454 2344 2661 2404 regno
2690 2323 2981 2386 celorum

578 2419 796 2492 potest
851 2432 1011 2486 esse,
1059 2412 1216 2492 quia
1272 2431 1553 2490 magnus
1602 2421 1704 2473 est
1737 2412 2032 2491 quisquis
2061 2431 2140 2473 ea
2174 2411 2414 2486 fecerit,
2447 2420 2511 2472 et
2544 2412 2636 2473 sic
2670 2411 2985 2474 docuerit.

579 2495 1004 2580 Quapropter
1049 2500 1142 2560 sic
1187 2508 1288 2560 est
1321 2498 1706 2579 accipienda
1740 2497 1851 2559 illa
1883 2497 2227 2560 sententia.
2321 2497 2453 2580 Qui
2488 2507 2714 2560 autem
2764 2497 2987 2560 fecerit

577 2594 645 2649 et
693 2584 989 2648 docuerit
1044 2585 1135 2648 sic
1186 2605 1469 2667 magnus
1522 2585 1867 2648 vocabitur
1921 2585 1984 2647 in
2038 2606 2242 2665 regno
2295 2585 2583 2648 celorum
2619 2584 2685 2647 id
2717 2594 2817 2648 est
2852 2605 2982 2647 non

577 2672 941 2735 secundum
998 2672 1108 2734 illa
1165 2674 1440 2735 minima
1496 2673 1610 2735 sed
1661 2672 2023 2735 secundum
2066 2694 2145 2735 ea
2176 2693 2304 2754 que
2335 2693 2462 2754 ego
2494 2673 2788 2735 dicturus
2820 2693 2990 2736 sum.

581 2759 730 2842 Que
762 2770 917 2822 sunt
948 2772 1170 2823 autem
1207 2762 1333 2823 ista
1355 2766 1382 2822 Ρ
1473 2760 1568 2823 Vt
1602 2759 1896 2822 abundet
1928 2760 2200 2841 (inquit)
2232 2761 2480 2822 iustitia
2526 2769 2744 2822 vestra
2791 2780 2987 2840 super

579 2847 939 2909 scribarum
989 2857 1057 2909 et
1090 2848 1562 2929 phariseorum,
1610 2848 1766 2929 quia
1813 2848 1938 2908 nisi
1986 2847 2426 2910 abundauerit
2475 2868 2606 2908 non
2657 2847 2990 2910 intrabitis

579 2934 643 2996 in
673 2954 948 3015 regnum
977 2934 1286 2998 celorum.
1366 2935 1548 3013 Ergo
1572 2936 1685 3015 qui
1711 2934 1980 2997 soluerit
2009 2934 2120 2996 illa
2154 2934 2428 2996 minima
2453 2945 2519 2996 et
2552 2934 2644 2996 sic
2670 2934 2987 3007 docuerit,

581 3021 893 3083 minimus
951 3021 1312 3084 vocabitur.
1435 3020 1566 3103 Qui
1643 3032 1869 3084 autem
1947 3021 2191 3094 fecerit,
2253 3021 2363 3083 illa
2431 3020 2707 3084 minima
2767 3031 2836 3084 et
2895 3022 2993 3082 sic

580 3106 877 3170 docuerit
930 3128 1060 3171 non
1119 3129 1403 3189 magnus
1458 3107 1806 3170 habendus
1853 3117 1970 3183 est,
2019 3117 2085 3170 et
2142 3108 2418 3170 idoneus
2463 3128 2665 3189 regno
2697 3106 2983 3170 celorum

579 3194 697 3256 sed
731 3204 954 3257 tamen
992 3215 1123 3257 non
1158 3205 1295 3257 tam
1332 3196 1645 3257 minimus
1679 3215 1878 3276 quam
1914 3195 2021 3257 ille
2053 3196 2163 3276 qui
2198 3195 2514 3258 soluerit.⁴

1672 3380 1914 3444 Oratz'o.

598 3506 896 3635 DEuS,
942 3506 1054 3587 qui
1102 3505 1530 3587 diligentibus
1586 3516 1652 3569 te
1699 3506 1874 3568 bona
1920 3505 2273 3569 inuisibilia
2322 3506 2687 3588 preparasti
2720 3505 2993 3569 infunde

784 3594 1094 3655 cordibus
1148 3594 1386 3655 nostris
1437 3593 1531 3654 tui
1583 3595 1828 3655 amoris
1878 3592 2217 3655 affectum⁵
2249 3602 2319 3655 vt
2368 3604 2432 3655 te
2469 3594 2533 3655 in
2567 3594 2895 3669 omnibuS,
2927 3603 2997 3655 et

585 3701 783 3761 super
829 3682 1055 3742 omnia
1102 3679 1454 3760 diligentes
1494 3681 1964 3762 promissiones
1996 3691 2143 3744 tuas
2175 3701 2303 3761 que
2335 3702 2533 3742 omne
2567 3679 2991 3761 desyderium

584 3777 911 3848 superant,
945 3786 1444 3848 consequamur.
1535 3788 1669 3849 per.

1020 3962 1086 4031 (ἶ
1112 3955 1310 4017 Faria
1338 3954 1613 4016 secunda
1643 3975 1722 4015 ex
1747 3952 2012 4017 Ex0d0.⁶
2102 3954 2315 4017 Lectio
2331 3954 2573 4034 prima.

600 4082 881 4211 Dixit
911 4091 1135 4143 autem
1195 4080 1506 4179 dominus
1559 4078 1644 4141 ad
1699 4079 1982 4160 Moysen
2034 4102 2049 4140 :
2100 4080 2415 4143 Extende
2472 4098 2745 4141 manum
2808 4088 2996 4178 tuam

765 4190 963 4251 super
988 4180 1227 4231 terram
1260 4177 1491 4249 egypti
1523 4168 1606 4228 ad
1642 4166 1967 4229 locustam
2120 4186 2249 4228 non
2284 4164 2527 4228 videbo
2557 4166 2728 4228 vltra
2761 4164 2994 4228 faelem

584 4266 788 4320 tuam.

680 4416 695 4447 ¹
733 4417 834 4478 [xx.
870 4416 1069 4480 17-38.]
1476 4412 1499 4443 ‘-'
1532 4413 1622 4463 Ca.
1654 4424 1698 4476 5.
1728 4415 1785 4461 in
1810 4430 1870 4461 m.
2397 4413 2418 4441 ³
2452 4416 2766 4479 loqueretur:
2802 4413 2883 4477 63.
2912 4412 3004 4463 66-

679 4482 700 4512 ⁴
732 4484 807 4532 Te
829 4483 1012 4532 deum:
1048 4483 1157 4530 add.
1188 4480 1268 4544 63.
1472 4477 1493 4508 ⁶
1526 4479 1792 4528 effectum:
1830 4491 1908 4542 43.
1939 4492 2016 4541 49.
2047 4479 2124 4528 61.
2156 4479 2232 4541 64.
2399 4477 2421 4507 ⁶
2454 4479 2522 4540 [x.
2558 4479 2758 4541 12-29.]
