3293 5225
593 403 688 456 374
1405 393 1458 441 S.
1498 392 1634 440 SYL
1652 391 1941 440 VESTER
1976 391 2183 439 PAPA.
2802 390 2949 439 Dec.
2976 403 3047 453 31.

1131 596 1188 661 S
1175 598 1465 679 yluester
1475 606 1655 678 papa
1684 597 2014 676 confessor.
2101 594 2315 658 Lectio
2345 592 2481 676 ,1'3'721

596 708 1005 839 SYluester
1036 709 1246 791 patria
1279 728 1593 770 romanus
1623 706 1709 770 ad
1743 727 2079 769 summum
2115 704 2581 805 pontificatu-m
2622 705 2917 769 electus
2961 715 3056 769 est

741 796 1183 859 Constantino
1213 794 1636 877 Imperatore,
1657 795 1770 875 qui
1794 792 2274 857 Constantmus
2292 793 2674 856 christiane
2706 793 3062 875 religionis

592 892 730 944 tam
765 883 1098 945 studiosus
1128 881 1269 958 fuit,
1299 891 1371 944 vt
1404 902 1535 944 non
1569 882 1702 944 alio
1721 901 1923 962 quam
1949 882 2158 943 crucis
2177 882 2369 962 signo
2394 881 2458 941 in
2486 880 2707 943 bellis
2737 890 3063 954 vteretur,

593 969 774 1051 quod
837 971 1124 1032 instante
1185 990 1427 1051 pugna,
1487 988 1620 1050 qua
1685 968 2108 1030 Maxentium
2171 978 2532 1048 tyrannum
2599 967 2919 1044 deuicit,
2978 989 3061 1031 ex

592 1056 840 1119 lumine
877 1057 1118 1119 sactum
1153 1057 1292 1138 ipse
1315 1065 1382 1118 et
1406 1056 1738 1118 exercitus
1761 1055 2015 1117 viderat
2040 1053 2181 1116 celo
2205 1074 2437 1116 sereno
2461 1055 2649 1116 circa
2683 1056 3057 1118 meridiem

591 1144 729 1206 sole
760 1142 1151 1218 declinante,
1183 1145 1284 1206 his
1313 1142 1528 1205 verbis
1561 1143 1947 1224 inscriptum
1980 1165 1991 1203 :
2042 1140 2478 1204 Constantine
2526 1143 2596 1203 in
2657 1143 2815 1204 hoc
2868 1143 3061 1205 vince

593 1240 859 1293 auctore
916 1229 1291 1294 Sozomeno
1347 1231 1411 1291 in
1468 1230 1795 1312 tripartita
1849 1228 2137 1305 historia,
2184 1229 2295 1309 qui
2354 1228 2757 1292 Eusebium
2825 1232 3057 1293 testari

594 1317 790 1379 refert
837 1338 906 1380 se
956 1317 1469 1381 Constantinum
1501 1316 1791 1378 eundem
1824 1316 2156 1378 audiuisse
2187 1336 2337 1377 cum
2388 1314 2453 1377 id
2502 1315 2761 1396 palam
2824 1318 3059 1379 multis

591 1404 871 1467 referret.
980 1405 1068 1466 Et
1100 1403 1517 1466 iureiurando
1548 1402 1984 1465 confirmaret.
2061 1402 2282 1484 Quam
2315 1404 2771 1466 occasionem
2812 1415 3060 1467 nactus

593 1491 949 1571 Syluester,
981 1490 1207 1553 relicto
1241 1490 1513 1553 Soracte
1548 1490 1783 1552 Monte
1814 1510 1949 1570 quo
1981 1489 2191 1552 suerat
2235 1510 2276 1551 a
2322 1490 2630 1570 tyrannis
2670 1491 3059 1573 relegatus

594 1579 880 1640 Romam
959 1579 1175 1640 venit:
1265 1576 1917 1657 Constantinumque
1993 1576 2163 1638 bene
2239 1577 2369 1638 iam
2449 1577 2513 1638 in
2611 1577 3059 1641 christianos

590 1666 957 1727 animatum
1034 1666 1507 1747 promptiorem
1573 1662 1877 1738 reddidit,
1936 1663 2020 1725 ad
2082 1663 2334 1745 optime
2395 1661 2479 1724 de
2555 1665 2884 1728 ecclesia
2952 1667 3057 1728 dei

591 1751 996 1814 merendum.
1098 1751 1406 1832 Longum
1454 1752 1681 1831 vtique
1726 1761 1899 1813 esset
1946 1770 2297 1825 recensere,
2342 1770 2473 1830 que
2523 1760 2597 1811 et
2658 1752 3059 1833 quantum³

589 1838 675 1901 ad
708 1838 956 1901 cultum
990 1838 1097 1901 dei
1133 1839 1527 1921 pertinentia
1558 1839 1853 1920 optimus
1902 1839 2259 1919 imperator
2306 1838 2447 1899 eius
2500 1857 2718 1901 suasu
2792 1840 3054 1903 fecerit.

591 1925 1116 1988 Constitutiones
1161 1934 1383 1987 autem
1435 1923 1761 2005 Syluestri
1810 1925 2116 2006 precipue
2148 1925 2428 2000 fuerunt,
2477 1932 2550 1986 vt
2599 1925 2938 1990 chrisma
2970 1928 3055 1990 ab

588 2013 902 2094 episcopo
934 2022 1192 2074 tantum
1227 2022 1732 2074 consecraretur.
1826 2011 1920 2074 Vt
1953 2012 2360 2111 baptizatum
2409 2011 2798 2077 chrismate
2857 2014 3055 2077 liniat

591 2100 932 2180 presbyter
963 2100 1250 2161 instante
1284 2108 1508 2161 morte.
1605 2099 1697 2160 Vt
1730 2098 2003 2160 clericus
2049 2100 2115 2160 in
2163 2099 2340 2160 curia
2387 2119 2628 2160 causas
2682 2099 2814 2163 ne³
2868 2113 3052 2200 agat,

586 2186 770 2248 vtve4
827 2196 981 2248 ante
1044 2184 1325 2248 iudicem
1396 2185 1756 2248 secularem
1835 2205 2102 2247 causam
2180 2184 2374 2247 dicat.
2514 2186 2903 2251 Diaconus
2986 2192 3046 2251 in

586 2272 861 2335 ecclesia
892 2272 1265 2335 celebrandi
1298 2293 1497 2335 causa
1528 2272 1886 2335 dalmatica
1966 2272 2291 2348 induatur,
2335 2282 2403 2334 et
2436 2272 2621 2354 palla
2672 2274 3049 2339 linostima

590 2359 736 2422 leua
759 2361 900 2422 eius
932 2369 1208 2440 tegatur.
1274 2359 1441 2423 Cum
1476 2369 1701 2422 autem
1740 2361 1804 2421 in
1843 2359 2238 2421 Pontificatu
2271 2361 2727 2442 annosxxiij.
2758 2384 3046 2426 menses

591 2469 672 2510 .x.
724 2446 865 2508 dies
897 2448 1002 2527 .xj.
1038 2447 1450 2509 sanctissime
1482 2448 1777 2522 vixisset,
1826 2456 2123 2508 mortuus
2171 2448 2235 2509 in
2283 2450 2652 2511 cemeterio
2710 2450 3046 2522 Priscille‚

589 2534 696 2596 via
731 2533 985 2597 Salaria
1017 2534 1330 2618 sepelitur
1364 2533 1572 2617 pridie
1603 2533 1917 2596 calendas
1966 2532 2300 2615 Ianuarij.⁵

1540 2928 2030 2993 COMMVNE

1590 3092 1998 3155 Sanctorum.

716 3223 782 3292 (Ι
828 3218 1210 3279 Notandum
1300 3217 1475 3298 quod
1556 3217 1969 3279 i‘narcztatoria6
2050 3217 2290 3295 lcymnz,
2371 3218 2739 3298 antiphone,
2835 3224 3041 3283 lertt'e:

586 3305 888 3380 lectz‘oneS,
977 3314 1040 3366 et
1110 3304 1428 3366 orattones
1501 3303 2095 3385 mfrascrzptormffl
2162 3326 2618 3382 commaneant,
2692 3307 3042 3371 debuntur

586 3392 842 3472 quando
928 3391 1282 3453 celebratur
1362 3391 1632 3472 aliquod
1686 3393 1956 3468 festum,
2042 3413 2144 3453 cuz
2235 3392 2408 3454 nihil
2489 3403 2586 3453 est
2658 3399 3035 3475 proprium

586 3479 1014 3559 asstjgnatmn,
1041 3487 1105 3539 et
1129 3499 1185 3539 st
1218 3478 1432 3554 aliem,
1461 3478 1953 3559 aliqui'dfuerzt
2000 3480 2426 3560 assegnatmn,
2475 3480 2654 3560 quod
2697 3481 3032 3560 defice-rit,

573 3566 919 3645 petendum
950 3575 1045 3627 est
1071 3586 1150 3627 ex
1175 3565 1616 3645 z'nsrascrz’ptzk
1642 3565 2097 3629 communibus.

717 3658 783 3727 (Ι
828 3652 1212 3713 Notandum
1233 3662 1539 3731 preterea,
1570 3653 1747 3732 quod
1767 3654 1834 3715 si
1874 3653 1943 3715 in
1989 3653 2214 3734 aliqua
2247 3653 2514 3734 regy'onc,
2562 3662 2686 3714 aut
2736 3655 3032 3719 ciuitate

586 3740 887 3801 incia'erit
897 3740 1152 3818 festum
1174 3739 1451 3800 alicuius
1478 3740 1703 3837 sancti,
1734 3741 1871 3801 eius
1902 3741 2180 3821 regionis
2207 3750 2329 3801 aut
2353 3740 2647 3801 ciuimtis
2662 3744 3033 3820 passe‘onz',⁸

587 3836 647 3887 et
675 3847 799 3888 non
816 3826 1038 3906 suemt
1063 3826 1142 3888 de
1168 3826 1475 3887 contentis
1505 3847 1573 3887 tn
1604 3826 1968 3888 calendarzo
1991 3827 2186 3888 lenius
2210 3827 2563 3906 Breuiarij,
2582 3827 3034 3893 celebrabitur

585 3913 767 4013 apud
789 3914 952 3993 ipsos
980 3934 1046 3974 eo
1075 3913 1180 3975 dte
1207 3934 1330 4010 qno
1374 3913 1677 3975 hactenus
1722 3913 2030 3975 celebrare
2075 3914 2413 3989 consueutt,
2460 3925 2524 3974 et
2568 3913 2855 3994 officium
2893 3920 3028 4000 fiet

587 4010 661 4061 vt
718 4022 787 4062 zn
851 4001 1287 4081 z‘nfrascnptis
1343 3999 1797 4063 commumbus.
1892 4000 1981 4062 Se
2032 4011 2247 4063 autem
2307 4021 2373 4061 eo
2424 4000 2530 4062 dte
2583 4001 2905 4066 i’nciderzt
2952 4027 3023 4067 m

584 4088 948 4149 calendarzo
1005 4087 1199 4149 alzud
1231 4087 1486 4165 festum
1546 4087 1817 4167 simplet
1853 4088 1983 4169 fiet
2038 4088 2547 4149 connnemoratio
2621 4088 2702 4149 de
2777 4111 2849 4151 eo
2933 4092 3031 4153 ad

682 4258 700 4289 ¹
735 4260 818 4309 die
842 4273 918 4309 21.
951 4261 1008 4307 in
1031 4276 1095 4309 m.
1124 4259 1255 4308 thus.
1886 4258 1909 4289 ²
1939 4269 2162 4323 quanta.
2151 4279 2162 4290 ·
2200 4259 2277 4323 38.
2306 4269 2400 4309 etc.

679 4324 701 4356 ³
733 4342 866 4374 non:
903 4338 980 4387 39.
1010 4339 1088 4385 41.
1118 4324 1197 4373 6³.
1889 4323 1910 4354 ⁴
1952 4325 2091 4373 l'hus
2111 4328 2214 4374 also
2235 4324 2329 4388 38:
2366 4341 2527 4374 nevze
2564 4338 2643 4388 39.
2674 4337 2772 4377 etc.

681 4390 702 4420 ⁸
737 4392 980 4451 ([Ρίηίςε
1014 4392 1124 4439 add.
1155 4402 1233 4452 39.
1262 4403 1342 4449 41.
1892 4388 1914 4419 ⁶
1946 4390 2320 4441 invitatorium.
2356 4402 2433 4453 39.

681 4454 702 4487 ⁷
735 4457 1128 4519 inscriptorum:
1162 4456 1239 4517 38.
1888 4452 1910 4484 ⁸
1951 4456 2088 4504 Thus
2110 4458 2212 4504 also
2234 4455 2332 4518 38:
2358 4457 2604 4519 patrona:
2639 4469 2718 4519 39.
2749 4467 2855 4510 ete.

3198 2525 3204 2693 Ι
