3293 5225
880 488 1255 537 HEBDOMA
1262 489 1365 536 DA
1404 489 1760 538 SECUNDA
1810 489 1896 537 VA
1908 488 1954 538 G
1955 492 1998 537 A
2007 489 2123 537 NT
2115 490 2153 537 I
2155 490 2281 540 ΠΜ.
2723 491 2791 552 69

1175 699 1243 769 (I
1271 693 1356 758 H
1350 694 1574 755 omilia
1610 691 1969 775 Originis-ff

381 805 777 932 DOcente
832 806 895 868 in
960 804 1511 869 monte-domino
1564 804 1865 888 discipuli
1929 819 2117 868 erant
2164 827 2316 868 cum
2373 808 2556 889 ipso:
2621 809 2789 871 sicut

559 891 826 970 alacreS,
849 894 1016 956 sicut
1047 894 1411 971 domestici,
1437 894 1604 955 sicut
1636 892 1944 974 proximi,
1976 894 2143 956 sicut
2175 896 2369 956 amici
2402 895 2505 957 vel
2538 893 2790 970 fratreS,

363 980 603 1060 quibus
652 981 884 1043 datum
934 989 1075 1043 erat
1128 979 1387 1043 celestis
1437 980 1735 1043 doctrine
1783 999 2053 1042 noscere
2102 990 2372 1058 secreta,
2422 1002 2538 1063 per
2585 1002 2785 1062 quam

361 1067 592 1129 salutis
645 1068 987 1130 scientiam
1041 1068 1242 1130 etiam
1306 1066 1650 1130 brutorum
1712 1068 1913 1129 corda
1964 1068 2300 1131 saluarent
2351 1089 2791 1150 cecorumque

361 1154 570 1216 oculis
623 1175 741 1237 per
791 1156 1130 1217 mundane
1190 1153 1652 1216 delectationis
1711 1153 2019 1217 tenebras
2079 1154 2520 1237 caligantibus
2573 1156 2788 1218 lucem

366 1241 815 1321 patefacerent
860 1243 1173 1305 veritatis,
1264 1241 1465 1304 Vnde
1512 1249 1578 1303 et
1631 1241 1943 1303 dominus
1988 1241 2074 1304 ad
2121 1262 2271 1304 eos:
2325 1242 2468 1305 Vos
2515 1243 2793 1324 (inquit)

364 1329 525 1390 estis
556 1328 650 1391 sal
695 1338 903 1392 terre:
949 1350 1068 1391 vos
1098 1338 1166 1391 et
1200 1328 1548 1391 luminaria
1582 1328 1831 1391 mundi.
1927 1328 2123 1391 Nunc
2154 1350 2313 1392 vero
2344 1330 2794 1393 descendente

365 1435 449 1476 eo
480 1416 565 1477 de
590 1427 817 1479 monte
847 1418 1037 1480 turbe
1060 1425 1286 1479 secute
1308 1424 1463 1477 sunt
1495 1435 1665 1477 eum.
1764 1415 1838 1477 In
1867 1414 2120 1478 montel
2151 1416 2403 1479 scilicet
2433 1417 2794 1480 ascendere

369 1523 795 1585 nequaquam
829 1512 1176 1584 poterant:
1221 1512 1293 1565 vt
1333 1503 1501 1584 pigri
1536 1501 1784 1584 populi,
1815 1512 1886 1564 vt
1933 1502 2386 1585 negligentes:
2435 1515 2503 1566 vt
2551 1505 2792 1586 imper-

368 1589 543 1665 fecti,
594 1591 751 1673 quia
812 1611 980 1672 quos
1035 1589 1426 1653 delictorum
1483 1589 1743 1651 sarcina
1803 1588 2136 1671 deprimit,
2184 1589 2268 1652 ad
2328 1590 2792 1672 mysticorum-¹

370 1678 702 1754 sublimia,
733 1678 856 1740 nisi
889 1678 1153 1740 abiecto
1184 1697 1383 1738 onere
1429 1676 1748 1738 scandere
1794 1677 2065 1739 minime
2096 1678 2338 1740 valent.
2435 1679 2681 1741 Iccirco
2727 1689 2796 1744 et

367 1763 482 1843 filij
546 1764 746 1827 Israel
802 1764 1109 1846 primitus
1162 1764 1226 1826 in
1284 1773 1579 1826 montem
1634 1763 1994 1825 ascendere
2049 1784 2182 1826 non
2237 1765 2587 1828 voluerunt
2613 1764 2653 1827 :3
2707 1768 2793 1830 ad

365 1850 774 1913 obuiandum
813 1852 961 1914 Deo
1010 1849 1311 1933 pergere‘¹
1363 1870 1493 1912 non
1543 1860 1924 1931 potuerunt,
1956 1861 2226 1933 propter
2258 1872 2446 1915 suam
2481 1852 2793 1934 irreligio-

367 1939 637 2001 sitatem
700 1950 766 2001 et
829 1939 1281 2020 impietatem:
1345 1938 1503 2020 quia
1562 1939 1919 2019 egyptiaca
1978 1941 2238 2020 grauati
2292 1941 2798 2002 conuersatione

369 2025 911 2107 prepediebant5:
972 2024 1089 2088 sed
1151 2026 1333 2087 solus
1390 2025 1665 2105 Moyses
1725 2026 2025 2088 ascendit
2079 2035 2146 2088 et
2208 2027 2399 2107 pauci
2461 2027 2794 2089 seniorum

376 2113 578 2174 lsrael
625 2133 776 2176 eum
823 2133 919 2175 e0.
1017 2112 1324 2193 Denique
1354 2110 1561 2174 veluti
1608 2122 1767 2175 tunc
1798 2132 1948 2174 cum
1996 2112 2272 2175 domino
2319 2112 2624 2195 discipuli
2674 2114 2795 2177 soli

374 2201 438 2261 in
489 2209 787 2262 montem
834 2201 1293 2275 ascenderunt,
1326 2207 1392 2260 et
1438 2199 1760 2261 tardiores
1794 2200 2102 2262 deorsum
2135 2209 2478 2263 steterunt.
2573 2200 2683 2265 Sic
2730 2212 2799 2264 et

374 2286 579 2348 modo
609 2288 962 2369 vigilantes
1008 2296 1075 2349 et
1122 2286 1371 2348 alacres
1417 2295 1484 2348 et
1531 2284 1762 2349 fideles
1808 2287 2046 2362 anime,
2083 2287 2301 2351 Deum
2348 2288 2660 2351 timentes
2709 2288 2802 2352 et⁶

371 2374 721 2437 dominum
742 2375 1118 2457 diligenteS,
1138 2393 1341 2454 regna
1360 2372 1630 2436 celestia
1649 2373 2104 2436 desiderantes
2129 2397 2141 2435 :
2166 2374 2513 2438 dominum
2537 2396 2800 2457 semper

373 2471 746 2541 sequenteS,
775 2472 929 2543 post
974 2461 1322 2523 dominum
1371 2461 1435 2521 in
1486 2459 1671 2522 illum
1717 2470 2016 2523 montem
2064 2459 2377 2524 celestem
2426 2462 2797 2525 ascendunt

370 2547 718 2611 audientes
777 2547 1156 2631 apostolum
1213 2547 1586 2610 dicentem:
1651 2546 1802 2630 Que
1856 2568 2115 2610 sursum
2173 2560 2328 2611 sunt
2384 2547 2638 2632 sapite‚⁷
2684 2549 2795 2612 vbi

370 2635 674 2699 Christus
704 2647 825 2714 est,
857 2638 920 2699 in
968 2637 1251 2699 dextera
1282 2636 1388 2697 dei
1423 2634 1663 2697 sedens
1690 2659 1701 2697 :
1749 2655 1879 2716 que
1911 2655 2172 2699 sursum
2206 2647 2364 2699 sunt
2398 2637 2627 2718 sapite,
2660 2657 2793 2702 non

376 2743 506 2803 que
538 2743 736 2806 super
767 2734 1026 2785 terram.
2467 2724 2709 2787 Oratio,

378 2834 911 2964 OMnipotens
957 2835 1359 2916 sempiterne
1405 2834 1568 2895 deus
1625 2832 2080 2896 infirmitatem
2129 2844 2423 2897 nostram
2475 2836 2802 2917 propitius

566 2923 815 3003 respice
842 2931 1081 3002 :atque
1105 2923 1187 2983 ad
1218 2922 1704 3003 protegendum
1740 2941 1861 2982 nos
1893 2921 2246 2984 dexteram
2282 2932 2393 2983 tue
2421 2923 2795 2986 maiestatis

374 3009 702 3071 extende:
734 3029 851 3091 per
884 3009 1246 3071 dominum.

696 3169 760 3238 {1
794 3163 992 3225 Feria
1019 3163 1293 3225 secunda
1323 3182 1402 3223 ex
1427 3161 1911 3225 Ecclesmstzkoss
2002 3163 2210 3225 Lectio
2226 3165 2471 3245 prima.

390 3274 993 3425 FIlillcotnserua
1056 3284 1323 3357 tempus
1384 3283 1451 3335 et
1498 3273 1726 3336 deuita
1787 3294 1826 3335 a
1891 3274 2069 3336 malo
2217 3287 2284 3338 et
2350 3276 2433 3338 ad
2497 3276 2797 3346 dandum

536 3383 614 3425 co
667 3382 739 3424 ec
775 3383 829 3425 a.

631 3505 698 3574 (I
729 3498 841 3561 Ex
866 3500 1127 3581 epistola
1164 3495 1393 3559 Paul?
1419 3496 1516 3558 ad
1536 3495 1917 3576 Eplzest'os.¹⁰
2007 3498 2216 3561 Lectio
2244 3501 2535 3563 sectcnda.

517 3611 577 3673 T
624 3609 792 3673 vos¹¹
841 3631 992 3679 cum
1047 3611 1276 3673 essetis
1348 3610 1589 3671 mortui
1654 3608 1913 3672 delictis
1967 3621 2033 3672 et
2099 3613 2389 3693 peccatis
2452 3615 2790 3680 vestris

562 3697 1018 3761 habitaculum
1048 3698 1176 3760 Dei
1211 3698 1275 3759 in
1309 3697 1539 3783 spiritu
1574 3706 1821 3759 sancto,

848 3860 915 3929 (Ι
952 3853 1143 3916 Feria
1173 3853 1285 3934 ‚iifl
1314 3872 1386 3913 ex
1416 3851 1482 3913 E
1481 3850 1923 3916 cclesz'astico.¹‘-'
2009 3852 2226 3917 Lectio
2255 3854 2314 3919 .i.

383 3963 653 4095 NOli
700 3966 1043 4028 attendere
1074 3965 1159 4028 ad
1208 3964 1661 4046 possessiones
1707 3964 1967 4044 iniquas
2123 3965 2415 4028 Iustifica
2462 3967 2796 4049 pusillum,

584 4065 651 4114 et
685 4073 1003 4134 magnum
1037 4052 1357 4114 similiter.

473 4229 488 4258 ¹
524 4240 748 4279 montem
774 4249 787 4278 :
825 4242 900 4291 39.
930 4239 1023 4279 etc.
1683 4224 1705 4255 ²
1738 4227 2080 4293 mysteriorum
2106 4248 2117 4277 :
2157 4229 2233 4292 38.
2264 4239 2356 4280 etc.

467 4295 491 4324 ³
523 4297 820 4345 valuerunt:
858 4293 934 4356 38.
963 4305 1057 4344 etc.
1678 4292 1699 4322 ⁴
1732 4293 1962 4357 prodire:
1999 4294 2077 4356 63.
2107 4295 2185 4344 66.

466 4360 491 4388 ³
523 4359 1009 4426 praepediebantur:
1047 4360 1122 4422 38.
1155 4371 1248 4408 etc.
1680 4356 1703 4387 ὓ
1732 4375 1825 4406 om.
1855 4378 1867 4407 :
1905 4373 1983 4419 44.
2013 4360 2091 4421 63.
2121 4360 2199 4409 66.

468 4425 492 4457 ⁷
523 4427 764 4491 quaerite:
799 4437 879 4487 43.
909 4439 987 4488 49.
1017 4425 1096 4473 60.
1126 4424 1205 4473 6¹.
1234 4423 1312 4487 63.
1342 4424 1420 4485 64.
1451 4423 1528 4473 66.
1684 4421 1706 4454 ⁸
1739 4424 1825 4484 [iv.
1856 4423 2060 4487 23—36.]

468 4490 493 4520 ⁹
523 4508 620 4540 om.
652 4503 731 4553 39.
759 4504 838 4551 41.
1671 4487 1710 4519 ¹⁰
1743 4490 1868 4553 Cap.
1899 4502 1929 4537 2
1954 4491 2012 4536 iu
2037 4506 2100 4539 m.
2131 4490 2202 4551 [ii.
2239 4492 2404 4552 1-22.]

471 4555 512 4587 ¹¹
549 4555 935 4607 conuiuifieauit.
964 4557 1075 4604 add.
1106 4567 1182 4617 39.
1212 4568 1292 4615 41.
1668 4552 1708 4584 ¹²
1740 4555 1828 4605 Ca.
1862 4566 1888 4617 5
1914 4554 1971 4602 iu
1996 4571 2060 4603 m.
2091 4557 2157 4616 [v.
2193 4555 2358 4617 1—18.]
