3293 5225
528 447 593 498 86
996 449 1227 499 FERIA
1283 449 1531 499 SEXTA
1590 449 1783 499 POST
1828 448 2038 498 DIEM
2093 448 2460 499 CJNERUM.

1093 655 1177 718 H
1171 654 1398 718 omilia
1426 654 1641 718 sancti
1665 654 1726 717 A
1739 653 2043 736 agustini
2064 653 2379 736 Episcopi.

532 778 986 909 Vldeamus
1016 788 1237 843 vtrum
1270 781 1355 844 de
1386 800 1578 842 seruo
1612 779 2032 844 Ceuturionis
2064 779 2188 842 sibi
2214 779 2557 843 Mattheus
2584 779 2940 860 Lucasque

697 868 1133 931 consentiant.
1213 868 1555 931 Mattheus
1574 868 1752 931 enim
1786 868 1983 930 dicit:
2015 868 2293 932 accessit
2322 867 2408 930 ad
2441 886 2596 929 eum
2618 864 2940 930 Centurio

530 974 773 1036 rogans
806 974 958 1017 eum
1013 964 1083 1018 et
1130 955 1402 1018 dicens:
1454 956 1624 1017 Puer
1674 974 1861 1017 meus
1914 956 2085 1018 iacet
2136 955 2201 1016 in
2256 954 2462 1017 domo
2513 952 2935 1036 paralyticus·

529 1040 657 1105 Cui
710 1040 975 1105 videtur
1023 1061 1392 1124 repugnare
1446 1041 1626 1123 quod
1685 1041 1903 1105 Lucas
1936 1042 2045 1106 ait.
2160 1042 2252 1105 Et
2302 1061 2454 1104 cum
2510 1041 2804 1103 audisset
2849 1040 2935 1102 de

531 1126 702 1205 Iesu,
727 1128 907 1192 misit
939 1128 1025 1191 ad
1048 1149 1201 1191 eum
1236 1130 1527 1192 seniores
1560 1128 1926 1205 iudeorum,
1956 1148 2200 1210 rogans
2225 1149 2378 1191 eum
2404 1138 2475 1191 vt
2501 1127 2935 1190 descenderet

525 1223 594 1277 ct
624 1225 891 1278 sanaret
923 1236 1187 1278 seruum
1220 1217 1377 1280 eiuS.
1469 1216 1568 1280 At
1599 1215 1691 1278 illi
1736 1236 1888 1278 cum
1939 1215 2273 1279 venissent
2327 1217 2411 1279 ad
2467 1215 2687 1277 Iesum
2744 1233 2934 1293 roga-

526 1302 692 1366 bant
722 1321 874 1365 eum
908 1303 1188 1366 sollicite
1220 1303 1517 1367 dicentes
1550 1303 1629 1381 ei,
1659 1304 1816 1385 quia
1848 1303 2090 1384 dignus
2121 1313 2224 1366 est
2268 1314 2339 1365 vt
2371 1303 2496 1363 hoc
2547 1302 2606 1363 ei
2664 1311 2934 1382 presteS,

522 1389 740 1473 diligit
813 1391 990 1452 enim
1052 1400 1322 1474 gentem
1400 1400 1698 1453 nostram
1759 1400 1827 1453 et
1887 1410 2303 1472 synagogam
2381 1391 2523 1471 ipse
2596 1386 2933 1451 edificauit

529 1477 737 1539 nobis,
853 1476 1040 1539 Iesus
1089 1489 1312 1542 autem
1366 1477 1502 1540 ibat
1552 1497 1706 1540 cum
1763 1477 1905 1540 illis.
2015 1477 2105 1541 Et
2158 1497 2308 1540 cum
2360 1477 2491 1539 iam
2543 1495 2676 1538 non
2733 1475 2932 1556 longe

524 1573 747 1626 essent
778 1583 818 1626 a
850 1563 1070 1639 dom0‚
1103 1565 1279 1626 misit
1312 1564 1397 1627 ad
1445 1583 1597 1627 eum
1652 1563 1968 1628 Centurio
2016 1565 2268 1626 amicos
2320 1563 2589 1626 dicens:
2638 1563 2932 1626 Domine

526 1649 662 1712 noli
694 1652 941 1714 vexari.
1035 1650 1189 1713 Non
1222 1652 1400 1713 enim
1434 1671 1580 1713 sum
1615 1651 1877 1733 dignus,
1907 1659 1979 1713 vt
2013 1652 2213 1713 intres
2247 1650 2371 1713 sub
2403 1660 2650 1713 tectum
2690 1669 2931 1724 meum,

524 1747 794 1819 propter
825 1737 1005 1818 quod
1037 1747 1105 1800 et
1138 1739 1465 1820 meipsum
1501 1759 1633 1801 non
1669 1758 1816 1801 sum
1850 1735 2116 1822 dignus1
2149 1738 2503 1801 arbitratus
2534 1747 2606 1799 vt
2635 1737 2928 1799 venirem

523 1824 608 1886 ad
643 1834 725 1900 te,
758 1824 873 1887 sed
906 1826 1012 1887 dic
1044 1825 1263 1900 verbo,
1294 1835 1361 1888 et
1393 1825 1735 1888 sanabitur
1783 1845 1948 1907 puer
1997 1845 2201 1889 meus.
2316 1825 2388 1889 Si
2438 1825 2614 1888 enim
2666 1825 2758 1886 ita
2803 1823 2929 1885 hoc

521 1921 784 1991 gestum
861 1921 1004 1974 est:
1081 1912 1422 1993 quomodo
1497 1914 1619 1975 erit
1695 1932 1922 1975 verum
2014 1912 2193 1993 quod
2274 1912 2617 1974 Mattheus
2692 1918 2930 1973 narrat.

524 1998 829 2061 Accessit
860 1998 946 2060 ad
977 2019 1128 2062 eum
1162 1999 1434 2080 quidam
1483 1999 1802 2064 Centurio
1852 2018 2002 2063 cum
2044 2000 2185 2081 ipse
2239 2020 2371 2062 non
2421 1997 2768 2061 accesserit
2812 1996 2929 2059 sed

519 2087 772 2147 amicos
865 2087 1130 2151 miserit.
1269 2086 1415 2149 Nisi
1506 2086 1861 2169 diligenter
1949 2086 2373 2150 aduertentes
2478 2084 2928 2165 intelligamus

523 2172 904 2235 Mattheum
957 2193 1089 2235 non
1138 2175 1414 2236 omnino
1461 2173 1829 2237 deseruisse
1878 2174 2191 2236 vsitatum
2257 2173 2531 2236 modum
2593 2170 2927 2253 loquendi.

521 2258 676 2322 Non
740 2260 918 2322 enim
994 2259 1211 2322 solum
1275 2260 1493 2323 dicere
1568 2260 1861 2323 solemus
1937 2261 2294 2323 accessisse
2353 2259 2662 2340 aliquem,
2721 2259 2924 2321 etiam

517 2356 878 2427 antequam
927 2348 1273 2429 perueniat
1319 2347 1472 2410 illuc
1528 2367 1662 2429 quo
1711 2347 1950 2410 dicitur
1998 2347 2370 2412 accessisse.
2476 2345 2678 2409 Vnde
2723 2345 2926 2408 etiam

517 2432 801 2497 dicimus
852 2453 1086 2515 parum
1138 2436 1418 2497 accessit
1478 2436 1581 2497 vel
1648 2434 1933 2497 multum
1996 2436 2274 2497 accessit
2333 2455 2414 2497 eo
2476 2454 2610 2514 quo
2671 2433 2929 2516 appetit

517 2521 878 2602 peruenire.
996 2521 1459 2584 Verumetiam
1521 2519 1694 2604 2ipsa
1757 2520 2215 2603 preuentione2
2269 2522 2453 2584 cuius
2516 2518 2927 2602 adipiscendi

515 2628 716 2672 causa
748 2608 1122 2672 acceditur:
1169 2608 1452 2673 dicimus
1485 2607 1853 2692 plerunque
1887 2607 2137 2672 factum
2165 2633 2178 2672 :
2224 2619 2292 2672 et
2323 2609 2375 2672 si
2408 2629 2561 2671 eum
2609 2607 2695 2670 ad
2728 2627 2925 2688 quem

516 2697 820 2778 peruenit
896 2717 1028 2758 non
1105 2696 1331 2759 videat
1394 2697 1502 2759 ille
1577 2698 1691 2778 qui
1784 2697 2085 2779 peruenit
2124 2718 2136 2758 :
2215 2717 2366 2760 cum
2444 2716 2561 2778 per
2636 2696 2925 2757 amicum

516 2784 817 2865 peruenit
843 2805 856 2845 ε
903 2783 989 2845 ad
1021 2782 1311 2864 aliquem
1341 2806 1353 2845 :
1398 2786 1585 2846 cuius
1616 2785 1678 2846 ei
1712 2782 1901 2847 fauor
1930 2793 2032 2846 est
2063 2781 2516 2848 necessariuS.³

1594 2969 1840 3035 Oratio,

527 3092 820 3221 DEus,
853 3094 966 3175 qui
1012 3093 1207 3194 culpa
1254 3093 1610 3159 offenderis
1659 3097 2026 3179 penitentia
2073 3094 2392 3178 placaris:
2440 3114 2667 3176 preces
2699 3092 2927 3193 populi

692 3189 787 3243 tu1
852 3181 1330 3263 supplicantis:
1409 3185 1734 3266 propitius
1806 3186 2099 3265 respice:
2175 3193 2243 3245 et
2303 3180 2569 3263 flagella
2630 3191 2742 3243 tue
2805 3200 2926 3242 ira-

511 3266 767 3342 cundie,
802 3288 931 3349 que
953 3289 1073 3351 pro
1105 3271 1394 3351 peccatis
1428 3272 1669 3333 nostris
1702 3291 2032 3333 meremur
2055 3280 2298 3344 auerte,
2322 3289 2440 3351 per
2471 3268 2837 3330 dominum.

598 3455 666 3525 {I
696 3449 895 3513 Feria
924 3461 1103 3514 sexta
1118 3463 1270 3534 post
1297 3454 1466 3516 diem
1506 3454 1829 3531 cinerum,
1863 3476 1935 3516 ex
1988 3453 2263 3518 Genesi.⁴
2350 3451 2563 3515 Lectio
2578 3452 2821 3533 prima.

678 3573 801 3637 Ec⁵
862 3586 1017 3639 sunt
1077 3579 1539 3657 generationes
1602 3578 1886 3641 filiorum
1947 3579 2095 3642 Noe
2256 3578 2339 3641 de
2393 3577 2630 3659 quibus
2679 3575 2924 3657 egressi

704 3673 860 3726 sunt
895 3662 1269 3745 Philistijm‚
1302 3675 1368 3728 et
1403 3664 1815 3747 Caphtorim.

1115 3857 1183 3927 {I
1219 3853 1585 3916 Secundum
1632 3852 1986 3918 Ioannem.⁶
2074 3853 2286 3916 Lectio
2317 3853 2401 3934 .ij.

523 3974 859 4105 chunt
904 3996 1064 4059 ergo
1109 3998 1266 4040 ceco
1313 3976 1579 4042 iterum⁷
1626 3981 1730 4043 Tu
1779 3979 1938 4060 quid
2001 3979 2164 4042 dicis
2351 3976 2707 4040 Peccatum
2764 3994 2924 4058 ergo

688 4072 978 4125 vestrum
1028 4075 1270 4129 manet.

606 4310 623 4342 1
697 4313 707 4323 ·
885 4330 897 4342 .

602 4312 905 4442 2—‘1333311'1
929 4316 1579 4443 ἐὲἱυὲἕὶῑοῗέηφεῗὸἳ
1606 4317 1687 4378 64'
1716 4316 1795 4366 ὁδ’
1815 4380 1836 4411 ³
1871 4381 2121 4430 Miserere.
2153 4391 2229 4442 50.
2259 4382 2370 4429 add.
2398 4379 2478 4442 63.

602 4442 623 4472 ⁴
655 4444 744 4493 Ca.
779 4456 853 4492 10.
882 4460 939 4491 m
965 4460 1029 4492 m.
1102 4444 1171 4504 [x.
1207 4447 1366 4506 1—14].
1810 4445 1831 4475 ⁵
1865 4449 1930 4495 So
1951 4449 2053 4495 also
2075 4446 2154 4507 38.
2230 4446 2380 4496 Haez
2416 4457 2494 4507 39.
2523 4452 2618 4494 etc.

602 4505 624 4537 ⁶
657 4509 745 4570 [ix.
781 4510 981 4571 17-41.]
1045 4510 1272 4559 Lucam:
1307 4524 1387 4575 43.
1814 4511 1835 4543 ⁷
1868 4513 2084 4561 iterunt:
2120 4513 2201 4560 60.
