3293 5225
303 420 428 469 nm.
458 420 568 484 25.]
782 421 836 472 S.
883 421 1069 470 TJMO
1077 420 1231 470 THE
1239 420 1328 472 υς
1357 435 1376 468 .-
1414 420 1838 471 CONVERSJO
1880 421 1935 470 S.
1973 421 2068 469 ΡΑ
2080 420 2223 471 ULJ.
2625 432 2654 468 2
2659 429 2686 483 5
2693 430 2720 483 5

302 571 499 654 Obijt
559 583 781 636 autem
857 595 1036 637 anno
1096 574 1193 636 sui
1269 573 1694 656 episcopatus
1752 574 2166 637 sanctissime
2241 572 2410 655 gesti
2470 573 2728 636 circiter

304 659 586 736 decim0‚
619 670 683 723 et
717 661 1015 743 sepultus
1047 660 1169 724 suit
1201 661 1266 723 in
1302 660 1574 723 basilica
1609 660 1960 723 Leocadie.

652 829 718 898 (Ι
773 821 1141 885 Timotheus
1169 821 1504 904 episcopusl
1537 821 1833 902 martyr?
1920 823 2132 886 Lectio
2164 823 2373 887 tertia.

305 935 795 1064 Tlmotheus
843 935 1099 1016 Lystris
1142 935 1393 1019 oppido
1441 934 1781 1016 Lycaonie
1813 944 2008 997 natus
2034 955 2122 998 ex
2154 933 2361 998 Iudea
2395 944 2623 1012 matre,
2654 946 2722 1000 et

473 1031 658 1104 patre
681 1022 911 1103 gentili
938 1021 1312 1085 Christiane
1337 1022 1671 1103 religionis
1694 1020 1907 1085 cultor
1924 1033 2083 1099 erat,
2103 1042 2255 1085 cum
2285 1021 2531 1085 Paulus
2555 1023 2621 1086 in
2643 1043 2723 1086 ea

300 1109 449 1171 loca
482 1110 799 1191 peruenit.
890 1108 1024 1191 Qui
1058 1119 1280 1173 motus
1310 1110 1645 1173 Timothei
1694 1110 2069 1185 sanctitate,
2101 1119 2169 1173 et
2214 1110 2471 1192 optima
2519 1109 2717 1186 sama,

301 1216 439 1277 qua
491 1195 667 1258 idem
721 1197 892 1259 inter
952 1195 1362 1259 Christianos
1411 1196 1582 1258 illius
1643 1206 1892 1259 tractus
1939 1195 2441 1273 celebrabatur,⁸
2490 1198 2728 1261 asciuit

303 1283 523 1366 ipsum
615 1284 865 1345 socium
968 1294 1035 1346 et
1125 1284 1436 1346 comitem
1538 1303 1655 1345 sue
1734 1283 2296 1366 peregrinationis,
2418 1284 2553 1346 Ac4
2642 1304 2725 1347 ne

302 1368 797 1432 offenderentur
849 1370 961 1451 qui
1018 1391 1106 1433 ex
1167 1369 1509 1433 Iudaismo
1558 1371 1862 1434 conuersi
1914 1369 2174 1433 fuerant
2228 1370 2314 1433 ad
2367 1369 2724 1449 Christum,

301 1456 871 1538 Timotheumque
946 1467 1270 1520 nouerant
1346 1457 1550 1521 filium
1642 1478 1787 1520 esse
1863 1459 2069 1540 patris
2144 1458 2425 1540 gentiliS,
2505 1459 2721 1541 ipsum

302 1543 710 1619 circuncidit,
785 1544 963 1626 quod
1043 1544 1334 1607 licebat:
1437 1545 1658 1607 adhuc
1749 1544 2045 1607 nondum
2138 1545 2300 1607 satis
2373 1547 2727 1627 euangelio

304 1630 746 1713 promulgato,
866 1630 1036 1694 Cum
1132 1641 1354 1694 autem
1455 1631 1911 1714 peruenissent
2010 1631 2370 1713 Ephesum,
2474 1633 2719 1695 ibidem

306 1718 704 1780 Timotheus
802 1738 841 1780 a
939 1717 1146 1781 Paulo
1228 1718 1491 1781 relictus
1583 1728 1701 1793 est,
1793 1729 1866 1782 vt
1964 1719 2308 1781 ecclesiam
2403 1717 2725 1795 doctrina,

305 1804 755 1887 exemploque
846 1806 1117 1869 iuuaret.
1206 1804 1322 1868 Ad
1412 1805 1588 1868 hunc
1683 1805 1927 1868 Paulus
2015 1816 2087 1868 vt
2179 1805 2500 1883 doctrina,
2587 1827 2722 1888 qua

306 1901 681 1975 presentem
776 1893 1162 1968 instituerat,
1252 1892 1594 1955 absentem
1688 1912 1955 1974 quoque
2044 1890 2466 1955 confirmaret
2556 1895 2723 1957 duas

304 1978 622 2062 epistolas
675 1980 946 2060 scripsit,
989 1979 1263 2042 alteram
1319 2000 1358 2042 a
1409 1978 1763 2055 Laodicea,
1816 1979 2092 2042 alteram
2137 1980 2224 2043 ab
2274 1980 2433 2042 vrbe
2486 1981 2723 2045 Roma.

312 2067 660 2129 Postremo
687 2066 1081 2129 Timotheus
1109 2086 1259 2129 cum
1295 2067 1360 2128 in
1388 2066 1558 2130 festo
1584 2066 2009 2130 celeberrimo
2038 2065 2257 2128 Diane
2283 2066 2604 2150 populum
2638 2068 2725 2131 ab

303 2153 512 2235 impio
543 2152 860 2215 sacrificio
892 2163 1239 2216 conaretur
1262 2163 1575 2228 auertere,
1611 2153 1939 2235 lapidibus
1972 2153 2247 2216 obrutus
2272 2163 2372 2215 est
2393 2175 2432 2216 a
2464 2154 2723 2218 furente

306 2240 575 2322 popu10‚
607 2241 781 2302 vnde
814 2260 982 2322 pene
1030 2250 1327 2303 mortuus
1358 2239 1660 2304 sublatus
1692 2260 1731 2302 a
1765 2240 2170 2312 Christianis
2205 2250 2271 2303 et
2303 2241 2388 2303 ad
2424 2251 2721 2305 montem

306 2327 448 2391 vrbi
481 2328 772 2391 vicinum
805 2326 1083 2390 eductus
1113 2328 1413 2409 spiritum
1450 2328 1670 2391 emisit
1702 2348 1880 2390 nono
1911 2326 2226 2390 calendas
2262 2327 2622 2410 Februarij.

898 2471 964 2540 (Ι
1014 2463 1356 2530 Conuersio
1386 2465 1609 2543 Pauli,
1637 2465 1871 2547 duplex
1900 2466 2131 2530 maius,

1068 2577 1194 2640 Ad
1218 2588 1525 2659 vesperas.
1613 2577 1939 2659 Hymnus,

323 2689 670 2819 DOctor
744 2690 1007 2773 egregie
1063 2689 1267 2752 Paule
1318 2711 1533 2753 mores
1582 2691 1870 2753 instrue:
1922 2690 2011 2754 Et
2066 2701 2291 2754 mente
2340 2690 2567 2774 polum
2602 2713 2725 2754 nos

486 2776 836 2839 transferre
925 2786 1168 2859 satage.
1295 2777 1528 2839 Donec
1604 2777 1966 2859 perfectum
2044 2777 2360 2861 largiatur
2450 2779 2725 2862 pleniuS,

310 2863 658 2928 Euacuato
690 2863 870 2946 quod
902 2884 989 2926 ex
1025 2874 1212 2946 parte
1244 2866 1552 2946 gerimus.

441 2950 544 3015 Sit
620 2952 896 3013 trinitati
960 2951 1364 3034 sempiterna
1426 2948 1676 3031 gloria:
1802 2949 2056 3026 Honor,
2133 2961 2446 3034 potestaS,
2522 2961 2724 3033 atque

308 3037 610 3100 iubilatio
640 3061 653 3100 ε
706 3038 781 3100 In
817 3038 1072 3100 vnitate
1104 3038 1205 3100 cui
1241 3047 1467 3100 manet
1501 3036 1849 3119 imperium
1883 3060 1896 3099 :
1934 3036 2042 3099 Ex
2070 3046 2247 3116 tunc,
2271 3047 2340 3101 et
2373 3040 2576 3102 modo
2608 3059 2724 3122 per

307 3136 536 3189 eterna
567 3125 804 3186 secula.
897 3125 1141 3188 Amen.

438 3211 837 3293 Antzplwna.
928 3211 1123 3274 Vade
1168 3210 1453 3287 Anania,
1483 3220 1549 3272 et
1591 3230 1794 3291 quere
1829 3209 2125 3287 Saulum,
2157 3232 2309 3275 ecce
2346 3213 2524 3275 enim
2559 3222 2724 3290 orat,

307 3298 464 3380 quia
524 3318 640 3360 vas
699 3298 1039 3361 electionis
1099 3308 1200 3360 est
1262 3297 1438 3373 mihi,
1497 3306 1569 3360 vt
1629 3307 1849 3380 portet
1909 3318 2151 3361 nornen
2215 3319 2438 3362 meum
2499 3320 2724 3363 coram

306 3384 616 3468 gentibus
647 3396 715 3448 et
746 3384 1008 3467 regibus
1037 3395 1105 3448 et
1137 3383 1287 3465 filijs
1326 3384 1544 3447 Israel.

1394 3521 1637 3586 OratiO.

322 3635 600 3765 DEus
631 3636 743 3718 qui
776 3635 1153 3698 vniuersum
1179 3634 1500 3697 mundum
1533 3632 1713 3697 beati
1749 3635 1933 3697 Pauli
1958 3636 2245 3719 apostoli
2279 3636 2725 3719 predicatione

487 3722 769 3785 docuisti
823 3746 836 3785 ε
890 3721 977 3785 da
1026 3721 1216 3784 nobis
1265 3741 1678 3803 quesumus:
1723 3730 1796 3784 vt
1848 3723 1960 3804 qui
2013 3723 2152 3785 eius
2200 3724 2399 3787 hodie
2452 3743 2724 3787 conuer-

306 3810 560 3872 sionem
595 3809 871 3872 colimus
909 3833 922 3871 z
956 3829 1071 3892 per
1101 3807 1266 3871 eius⁵
1295 3808 1609 3892 exempla
1641 3808 2035 3890 gradiamur.
2069 3831 2199 3892 per.

905 3952 971 4021 (Ι
1014 3944 1139 4007 Ad
1161 3943 1588 4008 matutinum⁶
1615 3943 2130 4010 Inuz'tatorium.⁷

442 4059 825 4122 Laudemus
856 4059 1057 4121 deum
1091 4067 1390 4120 nostrum
1426 4059 1490 4120 in
1525 4059 1956 4121 conuersione
1988 4059 2277 4122 doctoris
2308 4058 2625 4142 gentium.

437 4146 763 4225 Hymnus.
856 4144 1111 4207 Doctor
1139 4143 1432 4226 egredie⁸
1462 4155 1536 4208 vt
1566 4155 1782 4225 supra.

406 4279 422 4310 ¹
458 4289 535 4331 et:
568 4284 680 4330 adei.
711 4280 788 4344 38.
1609 4278 1632 4310 ²
1665 4279 1747 4331 die
1772 4294 1848 4341 24
1880 4281 1939 4329 in
1963 4297 2028 4331 m.

405 4344 426 4374 ³
457 4348 767 4397 celebratur:
804 4344 882 4409 38.
911 4358 990 4408 43.
1613 4343 1634 4374 ⁴
1668 4347 1769 4395 At:
1807 4358 1884 4408 39.

408 4410 429 4441 ⁶
460 4413 526 4462 ad
552 4421 635 4461 te:
674 4413 785 4461 add.
816 4424 894 4474 39.
925 4421 1018 4460 etc.
1613 4407 1635 4439 ⁶
1669 4412 1981 4460 matutinas:
2015 4409 2093 4474 38.

403 4476 424 4508 ⁷
456 4478 552 4528 die.
584 4487 660 4540 25.
693 4479 750 4526 in
774 4494 839 4526 m.
1613 4473 1634 4505 ⁸
1667 4475 1899 4540 egregie:
1936 4474 2015 4538 38.
2044 4484 2138 4526 etc.
