<?xml version="1.0" encoding="UTF-8"?>
<!DOCTYPE html PUBLIC "-//W3C//DTD XHTML 1.0 Transitional//EN"
    "http://www.w3.org/TR/xhtml1/DTD/xhtml1-transitional.dtd">
<html xmlns="http://www.w3.org/1999/xhtml" xml:lang="en" lang="en">
 <head>
  <title>
</title>
<meta http-equiv="Content-Type" content="text/html;charset=utf-8" />
  <meta name='ocr-system' content='tesseract 3.04.00' />
  <meta name='ocr-capabilities' content='ocr_page ocr_carea ocr_par ocr_line ocrx_word'/>
</head>
<body>
  <div class='ocr_page' id='page_1' title='image "./secondrecension00legggoog_0362.png"; bbox 0 0 3293 5225; ppageno 0'>
   <div class='ocr_carea' id='block_1_1' title="bbox 554 448 2975 513">
    <p class='ocr_par' dir='ltr' id='par_1_1' title="bbox 554 448 2975 513">
     <span class='ocr_line' id='line_1_1' title="bbox 554 448 2975 513; baseline -0 -12"><span class='ocrx_word' id='word_1_1' title='bbox 554 449 652 501; x_wconf 89' lang='lat'><strong>288</strong></span> <span class='ocrx_word' id='word_1_2' title='bbox 1175 449 1267 498; x_wconf 84' lang='lat' dir='ltr'><strong>SS.</strong></span> <span class='ocrx_word' id='word_1_3' title='bbox 1314 448 1741 499; x_wconf 76' lang='lat' dir='ltr'><em>GERVASIUS</em></span> <span class='ocrx_word' id='word_1_4' title='bbox 1772 448 1883 498; x_wconf 76' lang='lat' dir='ltr'><strong>ET</strong></span> <span class='ocrx_word' id='word_1_5' title='bbox 1909 449 2339 501; x_wconf 80' lang='lat' dir='ltr'><em>PROTASIUS.</em></span> <span class='ocrx_word' id='word_1_6' title='bbox 2715 451 2865 512; x_wconf 77' lang='lat' dir='ltr'><strong>[IUN.</strong></span> <span class='ocrx_word' id='word_1_7' title='bbox 2901 464 2975 513; x_wconf 89' lang='lat'><strong>19.</strong></span> 
     </span>
    </p>
   </div>
   <div class='ocr_carea' id='block_1_2' title="bbox 556 601 2983 1556">
    <p class='ocr_par' dir='ltr' id='par_1_2' title="bbox 556 601 2983 1556">
     <span class='ocr_line' id='line_1_2' title="bbox 559 601 2980 687; baseline -0 -20"><span class='ocrx_word' id='word_1_8' title='bbox 559 605 828 687; x_wconf 90' lang='lat' dir='ltr'><strong>incepto</strong></span> <span class='ocrx_word' id='word_1_9' title='bbox 859 602 1268 677; x_wconf 87' lang='lat' dir='ltr'><strong>seducerent,</strong></span> <span class='ocrx_word' id='word_1_10' title='bbox 1300 622 1340 664; x_wconf 89' lang='lat' dir='ltr'><strong>a</strong></span> <span class='ocrx_word' id='word_1_11' title='bbox 1387 601 1587 665; x_wconf 93' lang='lat' dir='ltr'><strong>beato</strong></span> <span class='ocrx_word' id='word_1_12' title='bbox 1628 601 2030 668; x_wconf 81' lang='lat' dir='ltr'><strong>Sebastiano</strong></span> <span class='ocrx_word' id='word_1_13' title='bbox 2061 602 2434 666; x_wconf 84' lang='lat' dir='ltr'><strong>confirmati</strong></span> <span class='ocrx_word' id='word_1_14' title='bbox 2470 604 2533 666; x_wconf 90' lang='lat' dir='ltr'><strong>in</strong></span> <span class='ocrx_word' id='word_1_15' title='bbox 2585 603 2715 666; x_wconf 86' lang='lat' dir='ltr'><strong>fide</strong></span> <span class='ocrx_word' id='word_1_16' title='bbox 2748 605 2980 687; x_wconf 90' lang='lat' dir='ltr'><strong>persti-</strong></span> 
     </span>
     <span class='ocr_line' id='line_1_3' title="bbox 557 689 2981 774; baseline -0 -19"><span class='ocrx_word' id='word_1_17' title='bbox 557 701 798 755; x_wconf 89' lang='lat' dir='ltr'><strong>terunt.</strong></span> <span class='ocrx_word' id='word_1_18' title='bbox 890 690 1023 773; x_wconf 84' lang='lat' dir='ltr'><strong>Qui</strong></span> <span class='ocrx_word' id='word_1_19' title='bbox 1061 690 1494 754; x_wconf 89' lang='lat' dir='ltr'><strong>Sebastianus</strong></span> <span class='ocrx_word' id='word_1_20' title='bbox 1541 709 1672 751; x_wconf 91' lang='lat' dir='ltr'><strong>non</strong></span> <span class='ocrx_word' id='word_1_21' title='bbox 1710 689 1923 752; x_wconf 92' lang='lat' dir='ltr'><strong>solum</strong></span> <span class='ocrx_word' id='word_1_22' title='bbox 1972 689 2207 752; x_wconf 91' lang='lat' dir='ltr'><strong>horum</strong></span> <span class='ocrx_word' id='word_1_23' title='bbox 2242 702 2621 754; x_wconf 90' lang='lat' dir='ltr'><strong>sanctorum</strong></span> <span class='ocrx_word' id='word_1_24' title='bbox 2672 702 2981 774; x_wconf 86' lang='lat' dir='ltr'><strong>parentes</strong></span> 
     </span>
     <span class='ocr_line' id='line_1_4' title="bbox 558 775 2975 860; baseline 0 -19"><span class='ocrx_word' id='word_1_25' title='bbox 558 779 673 842; x_wconf 90' lang='lat' dir='ltr'><strong>sed</strong></span> <span class='ocrx_word' id='word_1_26' title='bbox 700 777 1207 842; x_wconf 91' lang='lat' dir='ltr'><strong>Chromantium</strong></span> <span class='ocrx_word' id='word_1_27' title='bbox 1229 796 1495 858; x_wconf 93' lang='lat' dir='ltr'><strong>quoque</strong></span> <span class='ocrx_word' id='word_1_28' title='bbox 1520 776 1604 838; x_wconf 89' lang='lat' dir='ltr'><strong>ad</strong></span> <span class='ocrx_word' id='word_1_29' title='bbox 1633 776 1877 840; x_wconf 88' lang='lat' dir='ltr'><strong>Christi</strong></span> <span class='ocrx_word' id='word_1_30' title='bbox 1907 775 2105 839; x_wconf 84' lang='lat' dir='ltr'><strong>fidem</strong></span> <span class='ocrx_word' id='word_1_31' title='bbox 2127 779 2469 841; x_wconf 89' lang='lat' dir='ltr'><strong>conuertit.</strong></span> <span class='ocrx_word' id='word_1_32' title='bbox 2520 777 2975 860; x_wconf 84' lang='lat' dir='ltr'><strong>Quamobrem</strong></span> 
     </span>
     <span class='ocr_line' id='line_1_5' title="bbox 561 863 2983 946; baseline -0.001 -16"><span class='ocrx_word' id='word_1_33' title='bbox 561 866 1034 930; x_wconf 89' lang='lat' dir='ltr'><strong>Chromantius</strong></span> <span class='ocrx_word' id='word_1_34' title='bbox 1059 865 1451 946; x_wconf 89' lang='lat' dir='ltr'><strong>magistratu</strong></span> <span class='ocrx_word' id='word_1_35' title='bbox 1477 863 1563 925; x_wconf 86' lang='lat' dir='ltr'><strong>ab</strong></span> <span class='ocrx_word' id='word_1_36' title='bbox 1588 865 1987 946; x_wconf 87' lang='lat' dir='ltr'><strong>imperatore</strong></span> <span class='ocrx_word' id='word_1_37' title='bbox 2011 864 2326 945; x_wconf 79' lang='lat' dir='ltr'><strong>priuatuS,</strong></span> <span class='ocrx_word' id='word_1_38' title='bbox 2346 866 2411 926; x_wconf 90' lang='lat' dir='ltr'><strong>in</strong></span> <span class='ocrx_word' id='word_1_39' title='bbox 2438 866 2713 929; x_wconf 85' lang='lat' dir='ltr'><strong>exilium</strong></span> <span class='ocrx_word' id='word_1_40' title='bbox 2742 867 2983 929; x_wconf 89' lang='lat' dir='ltr'><strong>missus</strong></span> 
     </span>
     <span class='ocr_line' id='line_1_6' title="bbox 557 950 2977 1024; baseline 0 -8"><span class='ocrx_word' id='word_1_41' title='bbox 557 964 675 1016; x_wconf 91' lang='lat' dir='ltr'><strong>est.</strong></span> <span class='ocrx_word' id='word_1_42' title='bbox 769 951 891 1016; x_wconf 93' lang='lat' dir='ltr'><strong>Cui</strong></span> <span class='ocrx_word' id='word_1_43' title='bbox 926 953 1284 1015; x_wconf 90' lang='lat' dir='ltr'><strong>succedens</strong></span> <span class='ocrx_word' id='word_1_44' title='bbox 1318 950 1656 1013; x_wconf 88' lang='lat' dir='ltr'><strong>Fabianus</strong></span> <span class='ocrx_word' id='word_1_45' title='bbox 1692 951 2013 1024; x_wconf 90' lang='lat' dir='ltr'><strong>Marcum,</strong></span> <span class='ocrx_word' id='word_1_46' title='bbox 2048 960 2115 1014; x_wconf 92' lang='lat' dir='ltr'><strong>et</strong></span> <span class='ocrx_word' id='word_1_47' title='bbox 2164 952 2665 1016; x_wconf 89' lang='lat' dir='ltr'><strong>Marcellianum</strong></span> <span class='ocrx_word' id='word_1_48' title='bbox 2701 954 2977 1016; x_wconf 88' lang='lat' dir='ltr'><strong>deorum</strong></span> 
     </span>
     <span class='ocr_line' id='line_1_7' title="bbox 559 1038 2981 1124; baseline -0.001 -20"><span class='ocrx_word' id='word_1_49' title='bbox 559 1040 810 1104; x_wconf 88' lang='lat' dir='ltr'><strong>cultum</strong></span> <span class='ocrx_word' id='word_1_50' title='bbox 844 1046 1292 1122; x_wconf 79' lang='lat' dir='ltr'><strong>aspernanteS,</strong></span> <span class='ocrx_word' id='word_1_51' title='bbox 1327 1048 1478 1119; x_wconf 89' lang='lat' dir='ltr'><strong>post</strong></span> <span class='ocrx_word' id='word_1_52' title='bbox 1527 1038 1853 1100; x_wconf 89' lang='lat' dir='ltr'><strong>diutinam</strong></span> <span class='ocrx_word' id='word_1_53' title='bbox 1887 1040 2165 1101; x_wconf 90' lang='lat' dir='ltr'><strong>carceris</strong></span> <span class='ocrx_word' id='word_1_54' title='bbox 2195 1038 2643 1115; x_wconf 85' lang='lat' dir='ltr'><strong>afflictionem,</strong></span> <span class='ocrx_word' id='word_1_55' title='bbox 2673 1039 2760 1103; x_wconf 91' lang='lat' dir='ltr'><strong>ad</strong></span> <span class='ocrx_word' id='word_1_56' title='bbox 2796 1041 2981 1124; x_wconf 91' lang='lat' dir='ltr'><strong>stipi-</strong></span> 
     </span>
     <span class='ocr_line' id='line_1_8' title="bbox 558 1123 2979 1209; baseline 0 -19"><span class='ocrx_word' id='word_1_57' title='bbox 558 1136 696 1190; x_wconf 91' lang='lat' dir='ltr'><strong>tem</strong></span> <span class='ocrx_word' id='word_1_58' title='bbox 745 1125 1017 1208; x_wconf 90' lang='lat' dir='ltr'><strong>alligari,</strong></span> <span class='ocrx_word' id='word_1_59' title='bbox 1062 1124 1397 1209; x_wconf 87' lang='lat' dir='ltr'><strong>pedesque</strong></span> <span class='ocrx_word' id='word_1_60' title='bbox 1427 1123 1633 1187; x_wconf 89' lang='lat' dir='ltr'><strong>clauis</strong></span> <span class='ocrx_word' id='word_1_61' title='bbox 1664 1124 1907 1206; x_wconf 85' lang='lat' dir='ltr'><strong>configi</strong></span> <span class='ocrx_word' id='word_1_62' title='bbox 1942 1126 2146 1189; x_wconf 88' lang='lat' dir='ltr'><strong>iussit.</strong></span> <span class='ocrx_word' id='word_1_63' title='bbox 2240 1125 2373 1191; x_wconf 89' lang='lat' dir='ltr'><strong>Sed</strong></span> <span class='ocrx_word' id='word_1_64' title='bbox 2406 1126 2582 1189; x_wconf 93' lang='lat' dir='ltr'><strong>hunc</strong></span> <span class='ocrx_word' id='word_1_65' title='bbox 2613 1128 2979 1191; x_wconf 89' lang='lat' dir='ltr'><strong>cruciatum</strong></span> 
     </span>
     <span class='ocr_line' id='line_1_9' title="bbox 561 1211 2982 1297; baseline 0 -19"><span class='ocrx_word' id='word_1_66' title='bbox 561 1236 711 1278; x_wconf 89' lang='lat' dir='ltr'><strong>cum</strong></span> <span class='ocrx_word' id='word_1_67' title='bbox 761 1213 868 1276; x_wconf 90' lang='lat' dir='ltr'><strong>die</strong></span> <span class='ocrx_word' id='word_1_68' title='bbox 915 1234 992 1276; x_wconf 90' lang='lat' dir='ltr'><strong>ac</strong></span> <span class='ocrx_word' id='word_1_69' title='bbox 1025 1223 1221 1276; x_wconf 89' lang='lat' dir='ltr'><strong>nocte</strong></span> <span class='ocrx_word' id='word_1_70' title='bbox 1269 1232 1516 1293; x_wconf 93' lang='lat' dir='ltr'><strong>magno</strong></span> <span class='ocrx_word' id='word_1_71' title='bbox 1549 1212 1776 1274; x_wconf 91' lang='lat' dir='ltr'><strong>animo</strong></span> <span class='ocrx_word' id='word_1_72' title='bbox 1810 1211 2136 1287; x_wconf 90' lang='lat' dir='ltr'><strong>Cristum†</strong></span> <span class='ocrx_word' id='word_1_73' title='bbox 2169 1212 2520 1277; x_wconf 89' lang='lat' dir='ltr'><strong>laudantes</strong></span> <span class='ocrx_word' id='word_1_74' title='bbox 2551 1214 2982 1297; x_wconf 87' lang='lat' dir='ltr'><strong>pertulissent</strong></span> 
     </span>
     <span class='ocr_line' id='line_1_10' title="bbox 560 1298 2980 1384; baseline 0 -20"><span class='ocrx_word' id='word_1_75' title='bbox 560 1303 767 1364; x_wconf 89' lang='lat' dir='ltr'><strong>latera</strong></span> <span class='ocrx_word' id='word_1_76' title='bbox 814 1299 1118 1364; x_wconf 84' lang='lat' dir='ltr'><strong>transfixi</strong></span> <span class='ocrx_word' id='word_1_77' title='bbox 1151 1300 1415 1373; x_wconf 79' lang='lat' dir='ltr'><strong>lancei5‚</strong></span> <span class='ocrx_word' id='word_1_78' title='bbox 1450 1299 1748 1380; x_wconf 89' lang='lat' dir='ltr'><strong>martyrij</strong></span> <span class='ocrx_word' id='word_1_79' title='bbox 1792 1298 2085 1382; x_wconf 90' lang='lat' dir='ltr'><strong>palmam</strong></span> <span class='ocrx_word' id='word_1_80' title='bbox 2135 1310 2289 1362; x_wconf 90' lang='lat' dir='ltr'><strong>sunt</strong></span> <span class='ocrx_word' id='word_1_81' title='bbox 2336 1300 2581 1383; x_wconf 87' lang='lat' dir='ltr'><strong>adepti.</strong></span> <span class='ocrx_word' id='word_1_82' title='bbox 2674 1302 2980 1384; x_wconf 80' lang='lat' dir='ltr'><strong>Quorum</strong></span> 
     </span>
     <span class='ocr_line' id='line_1_11' title="bbox 559 1386 2979 1471; baseline -0 -20"><span class='ocrx_word' id='word_1_83' title='bbox 559 1408 837 1470; x_wconf 87' lang='lat' dir='ltr'><strong>corpora</strong></span> <span class='ocrx_word' id='word_1_84' title='bbox 886 1408 925 1450; x_wconf 88' lang='lat' dir='ltr'><strong>a</strong></span> <span class='ocrx_word' id='word_1_85' title='bbox 979 1387 1373 1451; x_wconf 88' lang='lat' dir='ltr'><strong>Christianis</strong></span> <span class='ocrx_word' id='word_1_86' title='bbox 1421 1386 1648 1448; x_wconf 88' lang='lat' dir='ltr'><strong>ablata</strong></span> <span class='ocrx_word' id='word_1_87' title='bbox 1702 1398 1904 1450; x_wconf 90' lang='lat' dir='ltr'><strong>noctu</strong></span> <span class='ocrx_word' id='word_1_88' title='bbox 1961 1388 2026 1449; x_wconf 92' lang='lat' dir='ltr'><strong>in</strong></span> <span class='ocrx_word' id='word_1_89' title='bbox 2077 1389 2183 1449; x_wconf 89' lang='lat' dir='ltr'><strong>via</strong></span> <span class='ocrx_word' id='word_1_90' title='bbox 2234 1386 2607 1451; x_wconf 89' lang='lat' dir='ltr'><strong>Ardeatina</strong></span> <span class='ocrx_word' id='word_1_91' title='bbox 2658 1390 2744 1452; x_wconf 91' lang='lat' dir='ltr'><strong>ad</strong></span> <span class='ocrx_word' id='word_1_92' title='bbox 2796 1389 2979 1471; x_wconf 64' lang='lat' dir='ltr'><strong>xiiij.</strong></span> 
     </span>
     <span class='ocr_line' id='line_1_12' title="bbox 556 1474 1512 1556; baseline -0.003 -17"><span class='ocrx_word' id='word_1_93' title='bbox 556 1475 869 1539; x_wconf 89' lang='lat' dir='ltr'><strong>calendas</strong></span> <span class='ocrx_word' id='word_1_94' title='bbox 907 1474 1053 1556; x_wconf 90' lang='lat' dir='ltr'><strong>Iulij</strong></span> <span class='ocrx_word' id='word_1_95' title='bbox 1090 1474 1512 1556; x_wconf 89' lang='lat' dir='ltr'><strong>sepeliuntur.</strong></span> 
     </span>
    </p>
   </div>
   <div class='ocr_carea' id='block_1_3' title="bbox 1657 1610 1902 1674">
    <p class='ocr_par' dir='ltr' id='par_1_3' title="bbox 1657 1610 1902 1674">
     <span class='ocr_line' id='line_1_13' title="bbox 1657 1610 1902 1674; baseline -0.004 0"><span class='ocrx_word' id='word_1_96' title='bbox 1657 1610 1902 1674; x_wconf 76' lang='lat' dir='ltr'><strong>Gratia.</strong></span> 
     </span>
    </p>
   </div>
   <div class='ocr_carea' id='block_1_4' title="bbox 561 1722 2983 1981">
    <p class='ocr_par' dir='ltr' id='par_1_4' title="bbox 561 1722 2983 1981">
     <span class='ocr_line' id='line_1_14' title="bbox 574 1722 2980 1855; baseline 0.001 -67"><span class='ocrx_word' id='word_1_97' title='bbox 574 1726 891 1855; x_wconf 83' lang='lat' dir='ltr'><strong>PResta</strong></span> <span class='ocrx_word' id='word_1_98' title='bbox 923 1744 1284 1805; x_wconf 88' lang='lat' dir='ltr'><strong>quesumus</strong></span> <span class='ocrx_word' id='word_1_99' title='bbox 1308 1723 1737 1805; x_wconf 89' lang='lat' dir='ltr'><strong>omnipotens</strong></span> <span class='ocrx_word' id='word_1_100' title='bbox 1769 1722 1933 1786; x_wconf 90' lang='lat' dir='ltr'><strong>deus</strong></span> <span class='ocrx_word' id='word_1_101' title='bbox 1955 1733 2028 1787; x_wconf 94' lang='lat' dir='ltr'><strong>vt</strong></span> <span class='ocrx_word' id='word_1_102' title='bbox 2058 1724 2170 1805; x_wconf 93' lang='lat' dir='ltr'><strong>qui</strong></span> <span class='ocrx_word' id='word_1_103' title='bbox 2204 1733 2583 1787; x_wconf 88' lang='lat' dir='ltr'><strong>sanctorum</strong></span> <span class='ocrx_word' id='word_1_104' title='bbox 2611 1736 2980 1808; x_wconf 89' lang='lat' dir='ltr'><strong>martyrum</strong></span> 
     </span>
     <span class='ocr_line' id='line_1_15' title="bbox 710 1810 2983 1887; baseline 0.001 -12"><span class='ocrx_word' id='word_1_105' title='bbox 710 1823 974 1875; x_wconf 89' lang='lat' dir='ltr'><strong>tuorum</strong></span> <span class='ocrx_word' id='word_1_106' title='bbox 1012 1812 1218 1873; x_wconf 90' lang='lat' dir='ltr'><strong>Marci</strong></span> <span class='ocrx_word' id='word_1_107' title='bbox 1245 1821 1313 1873; x_wconf 91' lang='lat' dir='ltr'><strong>et</strong></span> <span class='ocrx_word' id='word_1_108' title='bbox 1346 1810 1760 1873; x_wconf 89' lang='lat' dir='ltr'><strong>Marcelliani</strong></span> <span class='ocrx_word' id='word_1_109' title='bbox 1786 1810 2088 1873; x_wconf 89' lang='lat' dir='ltr'><strong>natalitia</strong></span> <span class='ocrx_word' id='word_1_110' title='bbox 2112 1811 2411 1887; x_wconf 83' lang='lat' dir='ltr'><strong>colimuS‚</strong></span> <span class='ocrx_word' id='word_1_111' title='bbox 2436 1832 2475 1873; x_wconf 84' lang='lat' dir='ltr'><strong>a</strong></span> <span class='ocrx_word' id='word_1_112' title='bbox 2505 1815 2760 1876; x_wconf 90' lang='lat' dir='ltr'><strong>cunctis</strong></span> <span class='ocrx_word' id='word_1_113' title='bbox 2788 1813 2983 1877; x_wconf 90' lang='lat' dir='ltr'><strong>malis</strong></span> 
     </span>
     <span class='ocr_line' id='line_1_16' title="bbox 561 1897 2556 1981; baseline -0.001 -18"><span class='ocrx_word' id='word_1_114' title='bbox 561 1899 1063 1963; x_wconf 88' lang='lat' dir='ltr'><strong>imminentibus</strong></span> <span class='ocrx_word' id='word_1_115' title='bbox 1093 1918 1320 1960; x_wconf 91' lang='lat' dir='ltr'><strong>eorum</strong></span> <span class='ocrx_word' id='word_1_116' title='bbox 1355 1897 1935 1960; x_wconf 89' lang='lat' dir='ltr'><strong>intercessionibus</strong></span> <span class='ocrx_word' id='word_1_117' title='bbox 1969 1898 2336 1962; x_wconf 90' lang='lat' dir='ltr'><strong>liberemur.</strong></span> <span class='ocrx_word' id='word_1_118' title='bbox 2427 1919 2556 1981; x_wconf 93' lang='lat' dir='ltr'><strong>per.</strong></span> 
     </span>
    </p>
   </div>
   <div class='ocr_carea' id='block_1_5' title="bbox 836 2034 2700 2117">
    <p class='ocr_par' dir='ltr' id='par_1_5' title="bbox 836 2034 2700 2117">
     <span class='ocr_line' id='line_1_17' title="bbox 836 2034 2700 2117; baseline 0.001 -18"><span class='ocrx_word' id='word_1_119' title='bbox 836 2043 903 2113; x_wconf 70' lang='grc' dir='ltr'><strong>ΙΙ</strong></span> <span class='ocrx_word' id='word_1_120' title='bbox 941 2035 1300 2099; x_wconf 81' lang='lat' dir='ltr'><strong>Geruasius</strong></span> <span class='ocrx_word' id='word_1_121' title='bbox 1327 2046 1389 2098; x_wconf 83' lang='lat' dir='ltr'><strong>et</strong></span> <span class='ocrx_word' id='word_1_122' title='bbox 1417 2034 1769 2098; x_wconf 83' lang='lat' dir='ltr'><strong>Protasius</strong></span> <span class='ocrx_word' id='word_1_123' title='bbox 1799 2037 2158 2117; x_wconf 61' lang='lat' dir='ltr'><strong>martyres}</strong></span> <span class='ocrx_word' id='word_1_124' title='bbox 2248 2034 2458 2098; x_wconf 82' lang='lat' dir='ltr'><strong>Lectio</strong></span> <span class='ocrx_word' id='word_1_125' title='bbox 2489 2036 2700 2100; x_wconf 83' lang='lat' dir='ltr'><strong>tertia.</strong></span> 
     </span>
    </p>
   </div>
   <div class='ocr_carea' id='block_1_6' title="bbox 555 2147 2984 4063">
    <p class='ocr_par' dir='ltr' id='par_1_6' title="bbox 699 2147 2979 2232">
     <span class='ocr_line' id='line_1_18' title="bbox 699 2147 2979 2232; baseline -0 -19"><span class='ocrx_word' id='word_1_126' title='bbox 699 2150 1015 2214; x_wconf 87' lang='lat' dir='ltr'><strong>Eruasius</strong></span> <span class='ocrx_word' id='word_1_127' title='bbox 1044 2159 1113 2213; x_wconf 92' lang='lat' dir='ltr'><strong>et</strong></span> <span class='ocrx_word' id='word_1_128' title='bbox 1161 2148 1496 2212; x_wconf 89' lang='lat' dir='ltr'><strong>Protasius</strong></span> <span class='ocrx_word' id='word_1_129' title='bbox 1542 2147 1777 2210; x_wconf 89' lang='lat' dir='ltr'><strong>fratres</strong></span> <span class='ocrx_word' id='word_1_130' title='bbox 1825 2157 2080 2230; x_wconf 92' lang='lat' dir='ltr'><strong>patrem</strong></span> <span class='ocrx_word' id='word_1_131' title='bbox 2115 2147 2490 2211; x_wconf 93' lang='lat' dir='ltr'><strong>habuerunt</strong></span> <span class='ocrx_word' id='word_1_132' title='bbox 2522 2149 2814 2211; x_wconf 88' lang='lat' dir='ltr'><strong>Vitalem</strong></span> <span class='ocrx_word' id='word_1_133' title='bbox 2865 2151 2979 2232; x_wconf 93' lang='lat' dir='ltr'><strong>qui</strong></span> 
     </span>
    </p>

    <p class='ocr_par' dir='ltr' id='par_1_7' title="bbox 555 2233 2983 4063">
     <span class='ocr_line' id='line_1_19' title="bbox 727 2233 2976 2318; baseline -0 -17"><span class='ocrx_word' id='word_1_134' title='bbox 727 2239 1050 2301; x_wconf 90' lang='lat' dir='ltr'><strong>Rauenne</strong></span> <span class='ocrx_word' id='word_1_135' title='bbox 1096 2247 1163 2299; x_wconf 91' lang='lat' dir='ltr'><strong>et</strong></span> <span class='ocrx_word' id='word_1_136' title='bbox 1212 2245 1492 2299; x_wconf 89' lang='lat' dir='ltr'><strong>matrem</strong></span> <span class='ocrx_word' id='word_1_137' title='bbox 1541 2233 1911 2298; x_wconf 73' lang='lat' dir='ltr'><strong>Valeriam²</strong></span> <span class='ocrx_word' id='word_1_138' title='bbox 1957 2233 2097 2316; x_wconf 80' lang='lat' dir='ltr'><strong>qui³</strong></span> <span class='ocrx_word' id='word_1_139' title='bbox 2146 2235 2514 2299; x_wconf 91' lang='lat' dir='ltr'><strong>Mediolani</strong></span> <span class='ocrx_word' id='word_1_140' title='bbox 2562 2256 2683 2318; x_wconf 89' lang='lat' dir='ltr'><strong>pro</strong></span> <span class='ocrx_word' id='word_1_141' title='bbox 2730 2235 2976 2301; x_wconf 91' lang='lat' dir='ltr'><strong>Christi</strong></span> 
     </span>
     <span class='ocr_line' id='line_1_20' title="bbox 560 2322 2976 2405; baseline -0.001 -16"><span class='ocrx_word' id='word_1_142' title='bbox 560 2326 692 2389; x_wconf 85' lang='lat' dir='ltr'><strong>fide</strong></span> <span class='ocrx_word' id='word_1_143' title='bbox 746 2325 1134 2405; x_wconf 87' lang='lat' dir='ltr'><strong>martyrium</strong></span> <span class='ocrx_word' id='word_1_144' title='bbox 1197 2324 1505 2386; x_wconf 91' lang='lat' dir='ltr'><strong>tulerunt.</strong></span> <span class='ocrx_word' id='word_1_145' title='bbox 1599 2322 1957 2385; x_wconf 90' lang='lat' dir='ltr'><strong>Parentum</strong></span> <span class='ocrx_word' id='word_1_146' title='bbox 2022 2323 2221 2403; x_wconf 86' lang='lat' dir='ltr'><strong>igitur</strong></span> <span class='ocrx_word' id='word_1_147' title='bbox 2273 2323 2591 2405; x_wconf 90' lang='lat' dir='ltr'><strong>pietatem</strong></span> <span class='ocrx_word' id='word_1_148' title='bbox 2646 2333 2714 2386; x_wconf 92' lang='lat' dir='ltr'><strong>et</strong></span> <span class='ocrx_word' id='word_1_149' title='bbox 2774 2323 2976 2387; x_wconf 87' lang='lat' dir='ltr'><strong>fidem</strong></span> 
     </span>
     <span class='ocr_line' id='line_1_21' title="bbox 561 2409 2976 2494; baseline -0.001 -17"><span class='ocrx_word' id='word_1_150' title='bbox 561 2412 932 2477; x_wconf 89' lang='lat' dir='ltr'><strong>emulantes</strong></span> <span class='ocrx_word' id='word_1_151' title='bbox 981 2421 1132 2494; x_wconf 91' lang='lat' dir='ltr'><strong>post</strong></span> <span class='ocrx_word' id='word_1_152' title='bbox 1180 2412 1472 2493; x_wconf 90' lang='lat' dir='ltr'><strong>ipsorum</strong></span> <span class='ocrx_word' id='word_1_153' title='bbox 1531 2419 1811 2472; x_wconf 87' lang='lat' dir='ltr'><strong>mortem</strong></span> <span class='ocrx_word' id='word_1_154' title='bbox 1871 2411 2060 2472; x_wconf 85' lang='lat' dir='ltr'><strong>iuxta</strong></span> <span class='ocrx_word' id='word_1_155' title='bbox 2110 2409 2457 2472; x_wconf 89' lang='lat' dir='ltr'><strong>consilium</strong></span> <span class='ocrx_word' id='word_1_156' title='bbox 2512 2411 2976 2493; x_wconf 90' lang='lat' dir='ltr'><strong>euangelicum</strong></span> 
     </span>
     <span class='ocr_line' id='line_1_22' title="bbox 561 2496 2976 2580; baseline -0.001 -17"><span class='ocrx_word' id='word_1_157' title='bbox 561 2520 796 2563; x_wconf 89' lang='lat' dir='ltr'><strong>omnes</strong></span> <span class='ocrx_word' id='word_1_158' title='bbox 842 2519 994 2561; x_wconf 90' lang='lat' dir='ltr'><strong>suas</strong></span> <span class='ocrx_word' id='word_1_159' title='bbox 1040 2497 1387 2561; x_wconf 82' lang='lat' dir='ltr'><strong>facultates</strong></span> <span class='ocrx_word' id='word_1_160' title='bbox 1436 2496 1838 2578; x_wconf 88' lang='lat' dir='ltr'><strong>pauperibus</strong></span> <span class='ocrx_word' id='word_1_161' title='bbox 1897 2496 2375 2559; x_wconf 90' lang='lat' dir='ltr'><strong>distribuerunt</strong></span> <span class='ocrx_word' id='word_1_162' title='bbox 2420 2506 2487 2559; x_wconf 94' lang='lat' dir='ltr'><strong>et</strong></span> <span class='ocrx_word' id='word_1_163' title='bbox 2535 2517 2760 2561; x_wconf 90' lang='lat' dir='ltr'><strong>seruos</strong></span> <span class='ocrx_word' id='word_1_164' title='bbox 2805 2519 2976 2580; x_wconf 94' lang='lat' dir='ltr'><strong>quos</strong></span> 
     </span>
     <span class='ocr_line' id='line_1_23' title="bbox 559 2582 2979 2667; baseline -0.001 -16"><span class='ocrx_word' id='word_1_165' title='bbox 559 2586 898 2652; x_wconf 86' lang='lat' dir='ltr'><strong>habebant</strong></span> <span class='ocrx_word' id='word_1_166' title='bbox 959 2585 1262 2649; x_wconf 91' lang='lat' dir='ltr'><strong>libertate</strong></span> <span class='ocrx_word' id='word_1_167' title='bbox 1324 2586 1674 2649; x_wconf 91' lang='lat' dir='ltr'><strong>donarunt.</strong></span> <span class='ocrx_word' id='word_1_168' title='bbox 1766 2582 2027 2666; x_wconf 83' lang='lat' dir='ltr'><strong>Quibus</strong></span> <span class='ocrx_word' id='word_1_169' title='bbox 2090 2583 2285 2647; x_wconf 91' lang='lat' dir='ltr'><strong>rebus</strong></span> <span class='ocrx_word' id='word_1_170' title='bbox 2344 2594 2410 2647; x_wconf 93' lang='lat' dir='ltr'><strong>et</strong></span> <span class='ocrx_word' id='word_1_171' title='bbox 2471 2584 2788 2667; x_wconf 86' lang='lat' dir='ltr'><strong>singulari</strong></span> <span class='ocrx_word' id='word_1_172' title='bbox 2843 2587 2979 2649; x_wconf 89' lang='lat' dir='ltr'><strong>vite</strong></span> 
     </span>
     <span class='ocr_line' id='line_1_24' title="bbox 562 2669 2976 2757; baseline -0.001 -18"><span class='ocrx_word' id='word_1_173' title='bbox 562 2674 915 2739; x_wconf 90' lang='lat' dir='ltr'><strong>sanctitate</strong></span> <span class='ocrx_word' id='word_1_174' title='bbox 975 2674 1296 2737; x_wconf 91' lang='lat' dir='ltr'><strong>commoti</strong></span> <span class='ocrx_word' id='word_1_175' title='bbox 1375 2672 1726 2757; x_wconf 86' lang='lat' dir='ltr'><strong>gentilium</strong></span> <span class='ocrx_word' id='word_1_176' title='bbox 1805 2671 2183 2734; x_wconf 88' lang='lat' dir='ltr'><strong>sacerdotes</strong></span> <span class='ocrx_word' id='word_1_177' title='bbox 2258 2669 2613 2734; x_wconf 90' lang='lat' dir='ltr'><strong>christiane</strong></span> <span class='ocrx_word' id='word_1_178' title='bbox 2676 2673 2976 2755; x_wconf 86' lang='lat' dir='ltr'><strong>religioni</strong></span> 
     </span>
     <span class='ocr_line' id='line_1_25' title="bbox 565 2757 2978 2843; baseline -0 -18"><span class='ocrx_word' id='word_1_179' title='bbox 565 2763 802 2837; x_wconf 84' lang='lat' dir='ltr'><strong>infesti,</strong></span> <span class='ocrx_word' id='word_1_180' title='bbox 857 2781 1176 2843; x_wconf 88' lang='lat' dir='ltr'><strong>magnum</strong></span> <span class='ocrx_word' id='word_1_181' title='bbox 1234 2762 1298 2823; x_wconf 88' lang='lat' dir='ltr'><strong>in</strong></span> <span class='ocrx_word' id='word_1_182' title='bbox 1356 2761 1536 2843; x_wconf 92' lang='lat' dir='ltr'><strong>ipsos</strong></span> <span class='ocrx_word' id='word_1_183' title='bbox 1596 2758 1826 2821; x_wconf 88' lang='lat' dir='ltr'><strong>odium</strong></span> <span class='ocrx_word' id='word_1_184' title='bbox 1880 2768 2083 2839; x_wconf 90' lang='lat' dir='ltr'><strong>atque</strong></span> <span class='ocrx_word' id='word_1_185' title='bbox 2137 2757 2458 2821; x_wconf 90' lang='lat' dir='ltr'><strong>inuidiam</strong></span> <span class='ocrx_word' id='word_1_186' title='bbox 2513 2770 2978 2843; x_wconf 83' lang='lat' dir='ltr'><strong>conceperunt.</strong></span> 
     </span>
     <span class='ocr_line' id='line_1_26' title="bbox 562 2846 2979 2930; baseline -0.002 -16"><span class='ocrx_word' id='word_1_187' title='bbox 562 2849 733 2914; x_wconf 91' lang='lat' dir='ltr'><strong>Cum</strong></span> <span class='ocrx_word' id='word_1_188' title='bbox 785 2869 943 2929; x_wconf 87' lang='lat' dir='ltr'><strong>ergo</strong></span> <span class='ocrx_word' id='word_1_189' title='bbox 995 2869 1112 2930; x_wconf 90' lang='lat' dir='ltr'><strong>per</strong></span> <span class='ocrx_word' id='word_1_190' title='bbox 1159 2848 1224 2909; x_wconf 94' lang='lat' dir='ltr'><strong>id</strong></span> <span class='ocrx_word' id='word_1_191' title='bbox 1275 2858 1539 2930; x_wconf 90' lang='lat' dir='ltr'><strong>tempus</strong></span> <span class='ocrx_word' id='word_1_192' title='bbox 1573 2846 2000 2908; x_wconf 70' lang='lat' dir='ltr'><strong>Anastasius*</strong></span> <span class='ocrx_word' id='word_1_193' title='bbox 2028 2866 2253 2908; x_wconf 92' lang='lat' dir='ltr'><strong>comes</strong></span> <span class='ocrx_word' id='word_1_194' title='bbox 2302 2846 2366 2908; x_wconf 90' lang='lat' dir='ltr'><strong>in</strong></span> <span class='ocrx_word' id='word_1_195' title='bbox 2419 2846 2667 2909; x_wconf 93' lang='lat' dir='ltr'><strong>bellum</strong></span> <span class='ocrx_word' id='word_1_196' title='bbox 2720 2847 2979 2929; x_wconf 84' lang='lat' dir='ltr'><strong>profici-</strong></span> 
     </span>
     <span class='ocr_line' id='line_1_27' title="bbox 559 2931 2979 3016; baseline -0.002 -16"><span class='ocrx_word' id='word_1_197' title='bbox 559 2935 1027 3000; x_wconf 90' lang='lat' dir='ltr'><strong>scereturhanc</strong></span> <span class='ocrx_word' id='word_1_198' title='bbox 1041 2934 1355 2997; x_wconf 87' lang='lat' dir='ltr'><strong>nefariam</strong></span> <span class='ocrx_word' id='word_1_199' title='bbox 1386 2935 1709 2997; x_wconf 89' lang='lat' dir='ltr'><strong>rationem</strong></span> <span class='ocrx_word' id='word_1_200' title='bbox 1735 2932 1878 3016; x_wconf 90' lang='lat' dir='ltr'><strong>pios</strong></span> <span class='ocrx_word' id='word_1_201' title='bbox 1904 2931 2136 2996; x_wconf 87' lang='lat' dir='ltr'><strong>fratres</strong></span> <span class='ocrx_word' id='word_1_202' title='bbox 2160 2953 2196 2995; x_wconf 92' lang='lat' dir='ltr'><strong>e</strong></span> <span class='ocrx_word' id='word_1_203' title='bbox 2221 2931 2444 2995; x_wconf 92' lang='lat' dir='ltr'><strong>medio</strong></span> <span class='ocrx_word' id='word_1_204' title='bbox 2469 2932 2744 2996; x_wconf 92' lang='lat' dir='ltr'><strong>tollendi</strong></span> <span class='ocrx_word' id='word_1_205' title='bbox 2766 2955 2979 2996; x_wconf 87' lang='lat' dir='ltr'><strong>sacer-</strong></span> 
     </span>
     <span class='ocr_line' id='line_1_28' title="bbox 560 3018 2980 3103; baseline -0.001 -16"><span class='ocrx_word' id='word_1_206' title='bbox 560 3024 752 3087; x_wconf 92' lang='lat' dir='ltr'><strong>dotes</strong></span> <span class='ocrx_word' id='word_1_207' title='bbox 774 3023 1122 3095; x_wconf 88' lang='lat' dir='ltr'><strong>iniuerunt,</strong></span> <span class='ocrx_word' id='word_1_208' title='bbox 1155 3032 1225 3084; x_wconf 91' lang='lat' dir='ltr'><strong>vt</strong></span> <span class='ocrx_word' id='word_1_209' title='bbox 1253 3022 1524 3085; x_wconf 88' lang='lat' dir='ltr'><strong>Astasio</strong></span> <span class='ocrx_word' id='word_1_210' title='bbox 1548 3020 1730 3083; x_wconf 91' lang='lat' dir='ltr'><strong>velut</strong></span> <span class='ocrx_word' id='word_1_211' title='bbox 1777 3020 2095 3083; x_wconf 90' lang='lat' dir='ltr'><strong>diuinitus</strong></span> <span class='ocrx_word' id='word_1_212' title='bbox 2127 3018 2471 3095; x_wconf 89' lang='lat' dir='ltr'><strong>admoniti,</strong></span> <span class='ocrx_word' id='word_1_213' title='bbox 2504 3020 2980 3103; x_wconf 90' lang='lat' dir='ltr'><strong>persuaderent</strong></span> 
     </span>
     <span class='ocr_line' id='line_1_29' title="bbox 560 3107 2980 3193; baseline 0 -20"><span class='ocrx_word' id='word_1_214' title='bbox 560 3120 874 3193; x_wconf 89' lang='lat' dir='ltr'><strong>negatam</strong></span> <span class='ocrx_word' id='word_1_215' title='bbox 927 3110 1050 3192; x_wconf 91' lang='lat' dir='ltr'><strong>ipsi</strong></span> <span class='ocrx_word' id='word_1_216' title='bbox 1081 3130 1225 3171; x_wconf 89' lang='lat' dir='ltr'><strong>esse</strong></span> <span class='ocrx_word' id='word_1_217' title='bbox 1273 3108 1541 3171; x_wconf 90' lang='lat' dir='ltr'><strong>decreto</strong></span> <span class='ocrx_word' id='word_1_218' title='bbox 1591 3108 1864 3170; x_wconf 90' lang='lat' dir='ltr'><strong>deorum</strong></span> <span class='ocrx_word' id='word_1_219' title='bbox 1899 3107 2263 3183; x_wconf 89' lang='lat' dir='ltr'><strong>victoriam,</strong></span> <span class='ocrx_word' id='word_1_220' title='bbox 2297 3108 2419 3169; x_wconf 91' lang='lat' dir='ltr'><strong>nisi</strong></span> <span class='ocrx_word' id='word_1_221' title='bbox 2464 3107 2857 3171; x_wconf 90' lang='lat' dir='ltr'><strong>Geruasium</strong></span> <span class='ocrx_word' id='word_1_222' title='bbox 2909 3119 2980 3173; x_wconf 93' lang='lat' dir='ltr'><strong>et</strong></span> 
     </span>
     <span class='ocr_line' id='line_1_30' title="bbox 561 3193 2979 3277; baseline -0.001 -16"><span class='ocrx_word' id='word_1_223' title='bbox 561 3197 935 3261; x_wconf 89' lang='lat' dir='ltr'><strong>Protasium</strong></span> <span class='ocrx_word' id='word_1_224' title='bbox 967 3216 1007 3258; x_wconf 89' lang='lat' dir='ltr'><strong>a</strong></span> <span class='ocrx_word' id='word_1_225' title='bbox 1041 3196 1286 3260; x_wconf 89' lang='lat' dir='ltr'><strong>Christi</strong></span> <span class='ocrx_word' id='word_1_226' title='bbox 1333 3195 1464 3258; x_wconf 89' lang='lat' dir='ltr'><strong>fide</strong></span> <span class='ocrx_word' id='word_1_227' title='bbox 1496 3193 1877 3269; x_wconf 89' lang='lat' dir='ltr'><strong>desciscere,</strong></span> <span class='ocrx_word' id='word_1_228' title='bbox 1908 3194 2200 3277; x_wconf 88' lang='lat' dir='ltr'><strong>ipsisque</strong></span> <span class='ocrx_word' id='word_1_229' title='bbox 2241 3193 2369 3275; x_wconf 88' lang='lat' dir='ltr'><strong>dijs</strong></span> <span class='ocrx_word' id='word_1_230' title='bbox 2401 3194 2766 3258; x_wconf 87' lang='lat' dir='ltr'><strong>sacrificare</strong></span> <span class='ocrx_word' id='word_1_231' title='bbox 2796 3216 2979 3258; x_wconf 91' lang='lat' dir='ltr'><strong>com-</strong></span> 
     </span>
     <span class='ocr_line' id='line_1_31' title="bbox 559 3280 2981 3367; baseline -0 -20"><span class='ocrx_word' id='word_1_232' title='bbox 559 3285 849 3367; x_wconf 90' lang='lat' dir='ltr'><strong>pelleret.</strong></span> <span class='ocrx_word' id='word_1_233' title='bbox 941 3282 1142 3366; x_wconf 80' lang='lat' dir='ltr'><strong>Quod</strong></span> <span class='ocrx_word' id='word_1_234' title='bbox 1189 3304 1340 3346; x_wconf 91' lang='lat' dir='ltr'><strong>cum</strong></span> <span class='ocrx_word' id='word_1_235' title='bbox 1393 3283 1705 3345; x_wconf 89' lang='lat' dir='ltr'><strong>Astasius</strong></span> <span class='ocrx_word' id='word_1_236' title='bbox 1749 3281 1837 3344; x_wconf 91' lang='lat' dir='ltr'><strong>ab</strong></span> <span class='ocrx_word' id='word_1_237' title='bbox 1883 3280 2041 3364; x_wconf 91' lang='lat' dir='ltr'><strong>ipsis</strong></span> <span class='ocrx_word' id='word_1_238' title='bbox 2088 3301 2208 3343; x_wconf 91' lang='lat' dir='ltr'><strong>nec</strong></span> <span class='ocrx_word' id='word_1_239' title='bbox 2256 3281 2560 3364; x_wconf 92' lang='lat' dir='ltr'><strong>precibus</strong></span> <span class='ocrx_word' id='word_1_240' title='bbox 2607 3283 2981 3365; x_wconf 88' lang='lat' dir='ltr'><strong>impetrare,</strong></span> 
     </span>
     <span class='ocr_line' id='line_1_32' title="bbox 558 3368 2979 3452; baseline -0.001 -17"><span class='ocrx_word' id='word_1_241' title='bbox 558 3393 678 3435; x_wconf 91' lang='lat' dir='ltr'><strong>nec</strong></span> <span class='ocrx_word' id='word_1_242' title='bbox 726 3371 922 3434; x_wconf 92' lang='lat' dir='ltr'><strong>minis</strong></span> <span class='ocrx_word' id='word_1_243' title='bbox 968 3380 1367 3452; x_wconf 89' lang='lat' dir='ltr'><strong>extorquere</strong></span> <span class='ocrx_word' id='word_1_244' title='bbox 1399 3369 1742 3452; x_wconf 87' lang='lat' dir='ltr'><strong>potuisset,</strong></span> <span class='ocrx_word' id='word_1_245' title='bbox 1769 3369 2006 3431; x_wconf 90' lang='lat' dir='ltr'><strong>eodem</strong></span> <span class='ocrx_word' id='word_1_246' title='bbox 2042 3368 2310 3430; x_wconf 91' lang='lat' dir='ltr'><strong>iubente</strong></span> <span class='ocrx_word' id='word_1_247' title='bbox 2357 3368 2716 3432; x_wconf 89' lang='lat' dir='ltr'><strong>Geruasius</strong></span> <span class='ocrx_word' id='word_1_248' title='bbox 2761 3370 2979 3452; x_wconf 91' lang='lat' dir='ltr'><strong>plum-</strong></span> 
     </span>
     <span class='ocr_line' id='line_1_33' title="bbox 560 3455 2979 3537; baseline -0 -16"><span class='ocrx_word' id='word_1_249' title='bbox 560 3459 732 3521; x_wconf 87' lang='lat' dir='ltr'><strong>batis</strong></span> <span class='ocrx_word' id='word_1_250' title='bbox 764 3458 1019 3521; x_wconf 89' lang='lat' dir='ltr'><strong>tamdiu</strong></span> <span class='ocrx_word' id='word_1_251' title='bbox 1069 3478 1258 3520; x_wconf 91' lang='lat' dir='ltr'><strong>cesus</strong></span> <span class='ocrx_word' id='word_1_252' title='bbox 1310 3466 1427 3531; x_wconf 83' lang='lat' dir='ltr'><strong>est,</strong></span> <span class='ocrx_word' id='word_1_253' title='bbox 1478 3455 1692 3519; x_wconf 92' lang='lat' dir='ltr'><strong>donec</strong></span> <span class='ocrx_word' id='word_1_254' title='bbox 1748 3455 2047 3537; x_wconf 87' lang='lat' dir='ltr'><strong>spiritum</strong></span> <span class='ocrx_word' id='word_1_255' title='bbox 2104 3455 2339 3517; x_wconf 91' lang='lat' dir='ltr'><strong>emisit.</strong></span> <span class='ocrx_word' id='word_1_256' title='bbox 2435 3456 2772 3519; x_wconf 90' lang='lat' dir='ltr'><strong>Protasius</strong></span> <span class='ocrx_word' id='word_1_257' title='bbox 2819 3477 2979 3520; x_wconf 90' lang='lat' dir='ltr'><strong>vero</strong></span> 
     </span>
     <span class='ocr_line' id='line_1_34' title="bbox 559 3542 2981 3628; baseline -0 -20"><span class='ocrx_word' id='word_1_258' title='bbox 559 3544 843 3609; x_wconf 87' lang='lat' dir='ltr'><strong>fustibus</strong></span> <span class='ocrx_word' id='word_1_259' title='bbox 876 3544 1160 3628; x_wconf 91' lang='lat' dir='ltr'><strong>primum</strong></span> <span class='ocrx_word' id='word_1_260' title='bbox 1196 3544 1537 3607; x_wconf 92' lang='lat' dir='ltr'><strong>seuissime</strong></span> <span class='ocrx_word' id='word_1_261' title='bbox 1568 3542 1967 3613; x_wconf 82' lang='lat' dir='ltr'><strong>verberatuS,</strong></span> <span class='ocrx_word' id='word_1_262' title='bbox 2002 3552 2339 3624; x_wconf 92' lang='lat' dir='ltr'><strong>postremo</strong></span> <span class='ocrx_word' id='word_1_263' title='bbox 2369 3543 2588 3625; x_wconf 92' lang='lat' dir='ltr'><strong>capite</strong></span> <span class='ocrx_word' id='word_1_264' title='bbox 2634 3553 2981 3607; x_wconf 87' lang='lat' dir='ltr'><strong>truncatus</strong></span> 
     </span>
     <span class='ocr_line' id='line_1_35' title="bbox 555 3627 2980 3714; baseline -0 -19"><span class='ocrx_word' id='word_1_265' title='bbox 555 3642 673 3696; x_wconf 89' lang='lat' dir='ltr'><strong>est.</strong></span> <span class='ocrx_word' id='word_1_266' title='bbox 764 3631 1066 3714; x_wconf 84' lang='lat' dir='ltr'><strong>Quorum</strong></span> <span class='ocrx_word' id='word_1_267' title='bbox 1121 3651 1397 3714; x_wconf 91' lang='lat' dir='ltr'><strong>corpora</strong></span> <span class='ocrx_word' id='word_1_268' title='bbox 1448 3629 1793 3713; x_wconf 89' lang='lat' dir='ltr'><strong>Philippus</strong></span> <span class='ocrx_word' id='word_1_269' title='bbox 1852 3627 2125 3710; x_wconf 91' lang='lat' dir='ltr'><strong>quidam</strong></span> <span class='ocrx_word' id='word_1_270' title='bbox 2174 3631 2272 3692; x_wconf 86' lang='lat' dir='ltr'><strong>vir</strong></span> <span class='ocrx_word' id='word_1_271' title='bbox 2317 3629 2661 3712; x_wconf 88' lang='lat' dir='ltr'><strong>religiosus</strong></span> <span class='ocrx_word' id='word_1_272' title='bbox 2706 3651 2783 3693; x_wconf 93' lang='lat' dir='ltr'><strong>ac</strong></span> <span class='ocrx_word' id='word_1_273' title='bbox 2833 3631 2980 3713; x_wconf 88' lang='lat' dir='ltr'><strong>pius</strong></span> 
     </span>
     <span class='ocr_line' id='line_1_36' title="bbox 557 3715 2984 3799; baseline -0 -16"><span class='ocrx_word' id='word_1_274' title='bbox 557 3720 729 3783; x_wconf 91' lang='lat' dir='ltr'><strong>clam</strong></span> <span class='ocrx_word' id='word_1_275' title='bbox 764 3717 1029 3782; x_wconf 91' lang='lat' dir='ltr'><strong>sustulit</strong></span> <span class='ocrx_word' id='word_1_276' title='bbox 1060 3728 1127 3781; x_wconf 92' lang='lat' dir='ltr'><strong>et</strong></span> <span class='ocrx_word' id='word_1_277' title='bbox 1159 3719 1224 3781; x_wconf 94' lang='lat' dir='ltr'><strong>in</strong></span> <span class='ocrx_word' id='word_1_278' title='bbox 1259 3739 1377 3781; x_wconf 91' lang='lat' dir='ltr'><strong>sua</strong></span> <span class='ocrx_word' id='word_1_279' title='bbox 1409 3718 1615 3781; x_wconf 91' lang='lat' dir='ltr'><strong>domo</strong></span> <span class='ocrx_word' id='word_1_280' title='bbox 1646 3716 1992 3799; x_wconf 90' lang='lat' dir='ltr'><strong>sepeliunt.</strong></span> <span class='ocrx_word' id='word_1_281' title='bbox 1997 3718 2021 3751; x_wconf 74' lang='lat'>³</span> <span class='ocrx_word' id='word_1_282' title='bbox 2110 3716 2246 3778; x_wconf 91' lang='lat' dir='ltr'><strong>Vbi</strong></span> <span class='ocrx_word' id='word_1_283' title='bbox 2278 3737 2430 3779; x_wconf 91' lang='lat' dir='ltr'><strong>cum</strong></span> <span class='ocrx_word' id='word_1_284' title='bbox 2464 3715 2579 3780; x_wconf 91' lang='lat' dir='ltr'><strong>diu</strong></span> <span class='ocrx_word' id='word_1_285' title='bbox 2613 3717 2984 3796; x_wconf 90' lang='lat' dir='ltr'><strong>latuissent,</strong></span> 
     </span>
     <span class='ocr_line' id='line_1_37' title="bbox 555 3802 2979 3888; baseline -0 -19"><span class='ocrx_word' id='word_1_286' title='bbox 555 3808 644 3870; x_wconf 91' lang='lat' dir='ltr'><strong>ab</strong></span> <span class='ocrx_word' id='word_1_287' title='bbox 675 3806 1038 3868; x_wconf 89' lang='lat' dir='ltr'><strong>Ambrosio</strong></span> <span class='ocrx_word' id='word_1_288' title='bbox 1067 3806 1383 3888; x_wconf 91' lang='lat' dir='ltr'><strong>episcopo</strong></span> <span class='ocrx_word' id='word_1_289' title='bbox 1425 3804 1910 3867; x_wconf 83' lang='lat' dir='ltr'><strong>Mediolanensi</strong></span> <span class='ocrx_word' id='word_1_290' title='bbox 1958 3803 2277 3866; x_wconf 89' lang='lat' dir='ltr'><strong>diuinitus</strong></span> <span class='ocrx_word' id='word_1_291' title='bbox 2310 3802 2658 3867; x_wconf 89' lang='lat' dir='ltr'><strong>admonito</strong></span> <span class='ocrx_word' id='word_1_292' title='bbox 2705 3806 2979 3868; x_wconf 90' lang='lat' dir='ltr'><strong>inuenta</strong></span> 
     </span>
     <span class='ocr_line' id='line_1_38' title="bbox 558 3890 2983 3975; baseline -0.001 -18"><span class='ocrx_word' id='word_1_293' title='bbox 558 3902 732 3971; x_wconf 89' lang='lat' dir='ltr'><strong>sunt,</strong></span> <span class='ocrx_word' id='word_1_294' title='bbox 762 3902 829 3956; x_wconf 94' lang='lat' dir='ltr'><strong>et</strong></span> <span class='ocrx_word' id='word_1_295' title='bbox 875 3913 1026 3956; x_wconf 89' lang='lat' dir='ltr'><strong>curn</strong></span> <span class='ocrx_word' id='word_1_296' title='bbox 1066 3912 1312 3974; x_wconf 89' lang='lat' dir='ltr'><strong>magna</strong></span> <span class='ocrx_word' id='word_1_297' title='bbox 1347 3892 1573 3975; x_wconf 91' lang='lat' dir='ltr'><strong>populi</strong></span> <span class='ocrx_word' id='word_1_298' title='bbox 1607 3890 2032 3953; x_wconf 90' lang='lat' dir='ltr'><strong>veneratione</strong></span> <span class='ocrx_word' id='word_1_299' title='bbox 2065 3890 2129 3952; x_wconf 93' lang='lat' dir='ltr'><strong>in</strong></span> <span class='ocrx_word' id='word_1_300' title='bbox 2178 3890 2648 3954; x_wconf 89' lang='lat' dir='ltr'><strong>honestissimo</strong></span> <span class='ocrx_word' id='word_1_301' title='bbox 2678 3902 2745 3954; x_wconf 92' lang='lat' dir='ltr'><strong>et</strong></span> <span class='ocrx_word' id='word_1_302' title='bbox 2790 3912 2983 3956; x_wconf 89' lang='lat' dir='ltr'><strong>sacro</strong></span> 
     </span>
     <span class='ocr_line' id='line_1_39' title="bbox 559 3976 2839 4063; baseline -0.002 -18"><span class='ocrx_word' id='word_1_303' title='bbox 559 3982 706 4045; x_wconf 94' lang='lat' dir='ltr'><strong>loco</strong></span> <span class='ocrx_word' id='word_1_304' title='bbox 738 3980 1026 4063; x_wconf 89' lang='lat' dir='ltr'><strong>reposita</strong></span> <span class='ocrx_word' id='word_1_305' title='bbox 1061 3980 1242 4042; x_wconf 91' lang='lat' dir='ltr'><strong>Passi</strong></span> <span class='ocrx_word' id='word_1_306' title='bbox 1275 3990 1431 4043; x_wconf 91' lang='lat' dir='ltr'><strong>sunt</strong></span> <span class='ocrx_word' id='word_1_307' title='bbox 1461 3989 1685 4042; x_wconf 90' lang='lat' dir='ltr'><strong>autem</strong></span> <span class='ocrx_word' id='word_1_308' title='bbox 1725 3976 2091 4040; x_wconf 89' lang='lat' dir='ltr'><strong>Mediolani</strong></span> <span class='ocrx_word' id='word_1_309' title='bbox 2125 3978 2285 4058; x_wconf 59' lang='lat' dir='ltr'><strong>xiij.</strong></span> <span class='ocrx_word' id='word_1_310' title='bbox 2319 3977 2632 4041; x_wconf 91' lang='lat' dir='ltr'><strong>calendas</strong></span> <span class='ocrx_word' id='word_1_311' title='bbox 2661 3978 2839 4061; x_wconf 91' lang='lat' dir='ltr'><strong>Julij.</strong></span> 
     </span>
    </p>
   </div>
   <div class='ocr_carea' id='block_1_7' title="bbox 557 4089 2987 4456">
    <p class='ocr_par' dir='ltr' id='par_1_8' title="bbox 557 4089 2987 4350">
     <span class='ocr_line' id='line_1_40' title="bbox 687 4089 2985 4172; baseline 0 -17"><span class='ocrx_word' id='word_1_312' title='bbox 687 4099 754 4169; x_wconf 70' lang='grc' dir='ltr'><strong>ΙΙ</strong></span> <span class='ocrx_word' id='word_1_313' title='bbox 787 4092 846 4155; x_wconf 86' lang='grc' dir='ltr'><em>Α</em></span> <span class='ocrx_word' id='word_1_314' title='bbox 857 4091 1280 4155; x_wconf 82' lang='lat' dir='ltr'><strong>duertendum</strong></span> <span class='ocrx_word' id='word_1_315' title='bbox 1303 4099 1401 4154; x_wconf 85' lang='lat' dir='ltr'><strong>est</strong></span> <span class='ocrx_word' id='word_1_316' title='bbox 1417 4090 1701 4172; x_wconf 81' lang='lat' dir='ltr'><strong>singulis</strong></span> <span class='ocrx_word' id='word_1_317' title='bbox 1729 4089 1926 4151; x_wconf 84' lang='lat' dir='ltr'><strong>annis</strong></span> <span class='ocrx_word' id='word_1_318' title='bbox 1956 4089 2026 4150; x_wconf 83' lang='lat' dir='ltr'><strong>in</strong></span> <span class='ocrx_word' id='word_1_319' title='bbox 2051 4089 2258 4152; x_wconf 81' lang='lat' dir='ltr'><strong>indice</strong></span> <span class='ocrx_word' id='word_1_320' title='bbox 2277 4091 2674 4172; x_wconf 83' lang='lat' dir='ltr'><strong>supraposito</strong></span> <span class='ocrx_word' id='word_1_321' title='bbox 2682 4092 2782 4170; x_wconf 80' lang='lat' dir='ltr'><strong>fo,</strong></span> <span class='ocrx_word' id='word_1_322' title='bbox 2811 4093 2894 4155; x_wconf 88' lang='lat'><strong>28</strong></span> <span class='ocrx_word' id='word_1_323' title='bbox 2900 4093 2985 4171; x_wconf 68' lang='lat'><strong>3.⁹</strong></span> 
     </span>
     <span class='ocr_line' id='line_1_41' title="bbox 559 4174 2987 4258; baseline 0 -16"><span class='ocrx_word' id='word_1_324' title='bbox 559 4201 647 4242; x_wconf 90' lang='lat' dir='ltr'><strong>an</strong></span> <span class='ocrx_word' id='word_1_325' title='bbox 694 4181 764 4242; x_wconf 82' lang='lat' dir='ltr'><strong>in</strong></span> <span class='ocrx_word' id='word_1_326' title='bbox 796 4179 900 4242; x_wconf 75' lang='lat' dir='ltr'><strong>die</strong></span> <span class='ocrx_word' id='word_1_327' title='bbox 927 4179 1142 4242; x_wconf 85' lang='lat' dir='ltr'><strong>sancti</strong></span> <span class='ocrx_word' id='word_1_328' title='bbox 1180 4178 1453 4241; x_wconf 81' lang='lat' dir='ltr'><strong>Ioannis</strong></span> <span class='ocrx_word' id='word_1_329' title='bbox 1482 4178 1590 4241; x_wconf 82' lang='lat' dir='ltr'><strong>vel</strong></span> <span class='ocrx_word' id='word_1_330' title='bbox 1627 4174 1835 4240; x_wconf 80' lang='lat' dir='ltr'><strong>intra⁷</strong></span> <span class='ocrx_word' id='word_1_331' title='bbox 1866 4176 2006 4239; x_wconf 85' lang='lat' dir='ltr'><strong>eius</strong></span> <span class='ocrx_word' id='word_1_332' title='bbox 2046 4185 2341 4239; x_wconf 85' lang='lat' dir='ltr'><strong>octauam</strong></span> <span class='ocrx_word' id='word_1_333' title='bbox 2390 4178 2848 4258; x_wconf 71' lang='lat' dir='ltr'><strong>interponenda</strong></span> <span class='ocrx_word' id='word_1_334' title='bbox 2891 4180 2987 4242; x_wconf 86' lang='lat' dir='ltr'><strong>sit</strong></span> 
     </span>
     <span class='ocr_line' id='line_1_42' title="bbox 557 4264 1696 4350; baseline -0.003 -19"><span class='ocrx_word' id='word_1_335' title='bbox 557 4267 782 4350; x_wconf 81' lang='lat' dir='ltr'><strong>aliqua</strong></span> <span class='ocrx_word' id='word_1_336' title='bbox 813 4288 893 4330; x_wconf 85' lang='lat' dir='ltr'><strong>ex</strong></span> <span class='ocrx_word' id='word_1_337' title='bbox 919 4266 1260 4329; x_wconf 78' lang='lat' dir='ltr'><strong>dominicis</strong></span> <span class='ocrx_word' id='word_1_338' title='bbox 1288 4264 1696 4347; x_wconf 81' lang='lat' dir='ltr'><strong>vagantibus.</strong></span> 
     </span>
    </p>

    <p class='ocr_par' dir='ltr' id='par_1_9' title="bbox 653 4390 2545 4456">
     <span class='ocr_line' id='line_1_43' title="bbox 653 4390 2545 4456; baseline -0.001 -12"><span class='ocrx_word' id='word_1_339' title='bbox 653 4394 672 4426; x_wconf 83' lang='lat'>¹</span> <span class='ocrx_word' id='word_1_340' title='bbox 707 4394 789 4444; x_wconf 86' lang='lat' dir='ltr'><strong>die</strong></span> <span class='ocrx_word' id='word_1_341' title='bbox 819 4407 890 4456; x_wconf 77' lang='lat'><strong>¹9.</strong></span> <span class='ocrx_word' id='word_1_342' title='bbox 921 4395 979 4442; x_wconf 82' lang='lat' dir='ltr'><strong>in</strong></span> <span class='ocrx_word' id='word_1_343' title='bbox 1003 4410 1068 4442; x_wconf 90' lang='lat' dir='ltr'><strong>m.</strong></span> <span class='ocrx_word' id='word_1_344' title='bbox 1399 4390 1422 4422; x_wconf 74' lang='lat'>⁹</span> <span class='ocrx_word' id='word_1_345' title='bbox 1453 4392 1774 4442; x_wconf 80' lang='lat' dir='ltr'><strong>Valeariam·</strong></span> <span class='ocrx_word' id='word_1_346' title='bbox 1812 4403 1891 4455; x_wconf 90' lang='lat'><strong>39.</strong></span> <span class='ocrx_word' id='word_1_347' title='bbox 2124 4390 2307 4456; x_wconf 69' lang='lat' dir='ltr'><strong>3:que</strong></span> <span class='ocrx_word' id='word_1_348' title='bbox 2344 4405 2421 4455; x_wconf 90' lang='lat'><strong>39.</strong></span> <span class='ocrx_word' id='word_1_349' title='bbox 2452 4401 2545 4442; x_wconf 90' lang='lat' dir='ltr'><strong>etc.</strong></span> 
     </span>
    </p>
   </div>
   <div class='ocr_carea' id='block_1_8' title="bbox 654 4454 2859 4588">
    <p class='ocr_par' dir='ltr' id='par_1_10' title="bbox 654 4454 2859 4588">
     <span class='ocr_line' id='line_1_44' title="bbox 656 4454 2859 4522; baseline 0 -13"><span class='ocrx_word' id='word_1_350' title='bbox 656 4460 678 4491; x_wconf 79' lang='lat'><strong>⁴</strong></span> <span class='ocrx_word' id='word_1_351' title='bbox 718 4461 858 4509; x_wconf 80' lang='lat' dir='ltr'><strong>Thus</strong></span> <span class='ocrx_word' id='word_1_352' title='bbox 879 4460 982 4507; x_wconf 86' lang='lat' dir='ltr'><strong>also</strong></span> <span class='ocrx_word' id='word_1_353' title='bbox 1005 4457 1083 4522; x_wconf 89' lang='lat'><strong>38.</strong></span> <span class='ocrx_word' id='word_1_354' title='bbox 1157 4458 1418 4509; x_wconf 82' lang='lat' dir='ltr'><strong>Astasius:</strong></span> <span class='ocrx_word' id='word_1_355' title='bbox 1455 4469 1532 4520; x_wconf 92' lang='lat'><strong>3.9</strong></span> <span class='ocrx_word' id='word_1_356' title='bbox 1573 4466 1668 4507; x_wconf 90' lang='lat' dir='ltr'><strong>etc.</strong></span> <span class='ocrx_word' id='word_1_357' title='bbox 2112 4454 2133 4486; x_wconf 81' lang='lat'><strong>¹⁵</strong></span> <span class='ocrx_word' id='word_1_358' title='bbox 2165 4457 2429 4522; x_wconf 86' lang='lat' dir='ltr'><strong>sepeliuit·</strong></span> <span class='ocrx_word' id='word_1_359' title='bbox 2467 4471 2544 4521; x_wconf 90' lang='lat'><strong>39.</strong></span> <span class='ocrx_word' id='word_1_360' title='bbox 2575 4474 2730 4520; x_wconf 81' lang='lat' dir='ltr'><strong>many</strong></span> <span class='ocrx_word' id='word_1_361' title='bbox 2748 4461 2859 4510; x_wconf 82' lang='lat' dir='ltr'><strong>edd.</strong></span> 
     </span>
     <span class='ocr_line' id='line_1_45' title="bbox 654 4521 1869 4588; baseline -0.003 -13"><span class='ocrx_word' id='word_1_362' title='bbox 654 4523 676 4556; x_wconf 79' lang='lat'>⁶</span> <span class='ocrx_word' id='word_1_363' title='bbox 709 4526 797 4575; x_wconf 87' lang='lat' dir='ltr'><strong>See</strong></span> <span class='ocrx_word' id='word_1_364' title='bbox 817 4524 978 4583; x_wconf 82' lang='lat' dir='ltr'><strong>above,</strong></span> <span class='ocrx_word' id='word_1_365' title='bbox 1004 4540 1053 4588; x_wconf 90' lang='lat' dir='ltr'><strong>p.</strong></span> <span class='ocrx_word' id='word_1_366' title='bbox 1091 4522 1196 4587; x_wconf 85' lang='lat'><strong>185.</strong></span> <span class='ocrx_word' id='word_1_367' title='bbox 1397 4521 1629 4584; x_wconf 71' lang='lat' dir='ltr'><strong>&#39;‘infra:</strong></span> <span class='ocrx_word' id='word_1_368' title='bbox 1666 4535 1743 4587; x_wconf 89' lang='lat'><strong>39.</strong></span> <span class='ocrx_word' id='word_1_369' title='bbox 1774 4530 1869 4571; x_wconf 87' lang='lat' dir='ltr'><strong>etc.</strong></span> 
     </span>
    </p>
   </div>
  </div>
 </body>
</html>
