3293 5225
927 443 1301 495 OFFICIUM
1323 441 1475 493 ΒΕΑ
1487 444 1540 494 T
1529 443 1638 495 AB
1668 444 1990 496 MARJAE.
2567 457 2659 510 391

253 595 442 660 nobis
503 596 813 679 preconio
870 596 1232 675 extollitur,
1289 617 1420 680 que
1478 596 1813 681 singulare
1885 598 2347 662 commertium
2410 598 2669 663 mundo

252 683 527 765 prebuit.
649 684 958 766 Denique
1031 693 1292 749 tantum
1364 705 1434 747 se
1493 684 1580 748 ad
1639 684 1763 747 celi
1815 684 2078 768 fastigia
2152 685 2541 763 subleuauit,
2591 694 2668 749 vt

252 770 525 833 verbum
559 770 625 833 in
657 772 983 854 principio
1034 771 1215 853 apud
1269 770 1468 834 deum
1501 771 1586 835 de
1617 791 1902 854 superna
1933 772 2055 835 celi
2086 792 2236 836 arce
2286 773 2662 855 susciperet.

253 856 316 921 Ο
350 855 509 921 felix
561 857 793 934 Maria,
821 867 890 921 et
920 860 1103 921 omni
1135 858 1332 922 laude
1379 857 1787 941 dignissima.
1879 857 1942 923 O
1974 860 2160 941 virgo
2212 859 2320 924 dei
2372 861 2663 944 genitrix

252 942 538 1025 gloriosa
614 943 677 1009 O
743 945 1043 1008 sublimis
1132 965 1468 1028 puerpera,
1542 947 1729 1009 cuius
1799 945 2158 1009 visceribus
2230 946 2470 1011 author
2541 946 2665 1011 celi

251 1040 551 1114 terreque
582 1033 1034 1095 committitur.

502 1193 584 1256 In
616 1214 828 1256 mense
859 1193 1225 1275 Septembri
1248 1193 1359 1275 ,ε’ᾔ.
1388 1193 1566 1255 lectio
1591 1213 1797 1255 sermo
1824 1195 2040 1257 sancti
2063 1195 2408 1260 Bemardi.

262 1304 605 1436 Slgnum
654 1325 972 1387 magnum
1020 1305 1328 1389 apparuit
1375 1306 1439 1367 in
1472 1304 1633 1382 ce10,
1667 1304 1903 1369 mulier
1947 1308 2194 1370 amicta
2240 1307 2379 1371 sole
2409 1318 2477 1371 et
2508 1308 2671 1372 luna

390 1392 515 1455 sub
602 1393 881 1474 pedibus
970 1393 1149 1457 eius:
1238 1401 1305 1455 et
1365 1393 1431 1455 in
1507 1394 1726 1475 capite
1814 1394 1956 1456 eius
2023 1414 2267 1458 corona
2327 1395 2663 1458 stellarum

257 1479 629 1542 duodecim.
719 1479 1172 1543 Vehementer
1222 1479 1491 1561 quidem
1543 1480 1736 1543 nobis
1788 1480 2197 1544 dilectissimi
2245 1483 2345 1544 vir
2386 1502 2557 1545 vnus
2601 1490 2670 1545 et

263 1566 498 1629 mulier
543 1586 674 1628 vna
723 1586 1040 1630 nocuere:
1105 1567 1219 1631 sed
1283 1564 1553 1650 gratiasl
1608 1565 1763 1630 deo2
1810 1588 1929 1650 per
1985 1587 2191 1631 vnum
2238 1568 2670 1632 nihilominus

259 1655 472 1716 virum
501 1677 514 1716 :
559 1652 652 1716 et³
684 1654 1023 1717 mulierem
1056 1674 1256 1717 vnam
1289 1655 1517 1717 omnia
1548 1664 2031 1718 restaurantur:
2077 1676 2199 1719 nec
2231 1656 2374 1719 sine
2421 1675 2668 1738 magno

259 1741 487 1803 fenore
538 1742 919 1821 gratiarum.
1011 1742 1246 1822 Neque
1294 1743 1471 1804 enim
1519 1742 1689 1804 sicut
1744 1742 2081 1820 delictum,
2112 1744 2204 1806 ita
2256 1753 2323 1806 et
2375 1742 2671 1807 donum:

260 1827 377 1890 sed
466 1827 732 1890 excedit
822 1829 1049 1891 damni
1139 1829 1628 1891 estimationem
1712 1828 2011 1911 beneficij
2090 1831 2485 1911 magnitudo
2562 1830 2674 1895 Sic

262 1914 573 1977 nimirum
683 1915 1238 1997 prudentissimus
1326 1926 1393 1977 et
1482 1916 2037 1980 clementissimus
2126 1917 2405 1981 artifex:
2494 1918 2675 2000 quod

263 2010 651 2083 quassatum
707 2002 920 2065 fuerat
970 2022 1103 2065 non
1158 2001 1480 2083 confregit
1531 2003 1645 2065 sed
1694 2003 1917 2066 vtilius
1962 2004 2240 2067 omnino
2286 2004 2550 2068 refecit:
2602 2013 2676 2068 vt

261 2089 569 2153 videlicet
628 2090 821 2152 nobis
882 2109 1129 2153 nouum
1196 2089 1508 2152 formaret
1572 2087 1797 2152 Adam
1860 2111 1947 2153 ex
2009 2092 2253 2154 veteri:
2327 2100 2394 2154 et
2455 2092 2676 2155 Euam

263 2175 752 2239 transfunderet
785 2178 851 2239 in
890 2176 1192 2240 Mariam.
1286 2176 1376 2240 Et
1407 2176 1676 2257 quidem
1724 2176 2019 2240 sufficere
2068 2187 2326 2261 poterat
2360 2178 2680 2256 Christus,

263 2263 591 2344 siquidem
624 2272 693 2327 et
728 2283 900 2326 nunc
931 2264 1148 2326 omnis
1179 2261 1575 2325 sufficientia
1620 2273 1849 2326 nostra
1894 2284 1981 2327 ex
2029 2285 2109 2327 eo
2139 2275 2279 2329 est:
2325 2264 2441 2329 sed
2487 2266 2680 2329 nobis

266 2351 515 2413 bonum
580 2370 713 2412 non
760 2360 901 2413 erat
947 2369 1090 2412 esse
1142 2348 1481 2412 hominem
1544 2349 1777 2413 solum.
1868 2349 2252 2431 Congruum
2317 2354 2549 2434 magis
2606 2362 2682 2416 vt

264 2437 528 2500 adesset
588 2447 810 2500 nostre
870 2437 1267 2519 reparationi
1329 2456 1530 2499 sexus
1589 2446 1867 2518 vterque
1926 2457 2207 2519 quorum
2276 2440 2680 2522 corruptioni

265 2534 499 2586 neuter
557 2524 890 2587 defuisset.
983 2522 1229 2585 Fidelis
1306 2523 1501 2605 plane
1575 2533 1643 2586 et
1719 2533 1958 2606 potens
2034 2524 2361 2588 mediator
2433 2526 2539 2590 dei
2614 2537 2683 2590 et

267 2610 654 2674 hominum:
700 2609 904 2673 homo
953 2609 1255 2675 Christus
1306 2610 1525 2673 Iesus:
1571 2611 1688 2675 sed
1735 2611 2031 2675 diuinam
2080 2612 2144 2675 in
2191 2632 2272 2675 eo
2305 2625 2685 2677 reuerentur

268 2698 572 2761 homines
603 2699 1040 2762 maiestatem.
1132 2697 1324 2781 Opus
1355 2708 1459 2763 est
1489 2699 1668 2760 enim
1703 2699 2068 2763 mediatore
2113 2699 2199 2763 ad
2248 2700 2681 2764 mediatorem

268 2786 467 2848 istum
501 2804 622 2847 nec
653 2785 820 2848 alter
851 2785 1040 2848 nobis
1069 2784 1289 2848 vtilior
1318 2805 1518 2866 quam
1551 2785 1781 2849 Maria.
1872 2785 2174 2849 Crudelis
2198 2788 2505 2850 nimirum
2535 2788 2685 2852 Eua

267 2893 383 2955 per
412 2891 613 2953 quam
647 2892 917 2955 serpens
935 2873 1247 2953 antiquus
1268 2872 1646 2954 pestiferum
1673 2873 1874 2936 etiam
1896 2874 2020 2955 ipsi
2039 2876 2182 2937 viro
2204 2875 2380 2937 virus
2404 2875 2643 2939 infudit
2669 2899 2685 2939 :

267 2960 383 3022 sed
447 2958 661 3022 fidelis
724 2959 938 3022 Maria
1000 2978 1129 3041 que
1181 2959 1413 3022 salutis
1465 2959 1842 3022 antidotum
1894 2969 1961 3022 et
2013 2961 2167 3023 viris
2197 2971 2265 3024 et
2296 2961 2677 3026 mulieribus

268 3047 662 3129 propinauit.
760 3045 880 3109 Illa
911 3047 1089 3109 enim
1153 3047 1452 3109 ministra
1512 3046 1952 3109 seductionis:
1997 3046 2118 3109 hec
2166 3048 2682 3131 propiciationis.

273 3133 395 3196 Illa
426 3134 758 3215 suggessit
790 3134 1419 3215 preuaricationem:
1464 3132 1585 3196 hec
1619 3133 1843 3196 iniecit
1875 3133 2417 3216 redemptionem.

497 3300 563 3370 (I
606 3295 691 3358 In
725 3316 933 3357 mense
967 3295 1234 3360 Octobri.
1337 3296 1559 3358 Tertia
1588 3295 1766 3358 lectio
1795 3317 1873 3359 ex
1899 3295 2109 3358 eodem
2138 3318 2439 3362 sermone.

272 3407 874 3536 AMplexamur*
948 3407 1161 3469 Marie
1231 3408 1510 3489 vestigia
1584 3408 1817 3471 fratres
1878 3409 2047 3471 mei:
2121 3419 2188 3471 et
2248 3408 2684 3475 deuotissima

441 3493 922 3577 supplicatione
997 3494 1209 3558 beatis
1282 3494 1458 3557 illius
1533 3494 1808 3578 pedibus
1883 3495 2371 3578 prouoluamur.
2462 3496 2679 3561 Tene·

266 3600 458 3648 amus
505 3602 690 3644 eam:
753 3601 873 3644 nec
934 3581 1352 3644 dimittamus
1399 3581 1612 3645 donec
1662 3582 2079 3645 benedixerit
2133 3583 2341 3647 nobiS.
2434 3583 2680 3647 Potens

265 3678 368 3731 est
426 3669 623 3732 enim.
716 3668 978 3755 Nempe
1034 3668 1245 3731 vellus
1303 3678 1405 3731 est
1458 3669 1751 3731 medium
1816 3670 1985 3732 inter
2037 3690 2249 3732 rorem
2296 3678 2363 3732 et
2409 3690 2631 3734 aream
2662 3695 2685 3736 ε

269 3754 502 3818 mulier
546 3756 715 3818 inter
758 3755 965 3818 solem
1013 3765 1081 3819 et
1126 3755 1352 3818 lunam
1404 3755 1618 3818 Maria
1657 3757 1829 3818 inter
1860 3755 2196 3820 Christum
2229 3766 2297 3819 et
2326 3757 2673 3822 ecclesiam

266 3843 647 3907 constituta.
739 3841 873 3906 Sed
936 3841 1102 3905 forte
1163 3842 1417 3905 miraris
1478 3862 1610 3905 non
1675 3852 1811 3905 tam
1873 3843 2083 3906 vellus
2142 3852 2444 3926 opertum
2515 3865 2684 3924 rore,

268 3949 470 4013 quam
526 3930 840 3993 amictam
893 3928 1034 3992 sole
1083 3928 1441 3992 mulierem.
1537 3929 1790 4011 Magna
1839 3931 2166 4011 siquidem
2228 3931 2683 3996 familiaritas:

267 4016 384 4079 sed
420 4016 585 4079 mira
616 4017 891 4079 omnino
921 4017 1224 4079 vicinitas
1256 4016 1413 4079 solis
1457 4026 1524 4078 et
1575 4017 1881 4081 mulieris,
1973 4016 2336 4099 Quomodo
2381 4019 2556 4080 enim
2608 4020 2675 4083 in

268 4113 408 4166 tam
461 4102 840 4166 vehementi
890 4102 1144 4166 feruore
1192 4113 1330 4165 tam
1386 4103 1633 4185 fragilis
1695 4114 1931 4167 natura
1992 4104 2341 4168 subsistit?
2435 4105 2683 4169 Merito

269 4190 541 4271 quidem
596 4190 943 4253 admiraris
991 4210 1257 4271 moyses
1306 4201 1533 4253 sancte
1582 4200 1651 4253 et
1696 4192 2013 4255 curiosius
2058 4191 2394 4255 desideras
2427 4193 2677 4255 intueri.

270 4277 729 4341 Veruntamen
780 4277 965 4340 solue
1016 4277 1450 4340 calciamenta
1498 4277 1584 4340 de
1639 4278 1919 4360 pedibus
1979 4280 2149 4342 tuis:
2211 4288 2279 4341 et
2340 4279 2682 4342 inuolucra

364 4448 386 4545 :¹³
416 4450 607 4516 gratia:
643 4465 722 4511 44.
752 4463 831 4512 49.
1568 4448 1591 4479 ²
1623 4450 1754 4500 Dei:
1791 4463 1869 4512 49.

417 4532 539 4581 per:
573 4518 684 4565 add.
713 4528 793 4580 43.
821 4515 901 4566 61.
1573 4514 1592 4545 ⁴
1624 4517 2035 4581 Amplectamur:
2073 4515 2150 4580 38.
2179 4528 2274 4567 etc.
