3293 5225
945 442 1122 490 DOJJ
1120 443 1154 488 l
1154 441 1247 489 NJ
1247 442 1291 490 C
1291 443 1337 489 A
1386 442 1629 489 PRIMA
1669 444 1714 489 A
1725 442 1777 488 D
1791 441 2099 489 VENTU.5'.
2699 452 2725 501 3
2733 452 2762 500 3

475 601 539 670 (Ι
585 594 986 669 Notandum,
1059 596 1235 676 quod
1300 593 1603 674 consessio
1677 615 1820 656 cum
1894 594 2285 657 absolutione
2359 593 2606 657 dicitur
2674 594 2771 654 ad

370 682 743 744 matutinum
802 692 1058 745 tantum
1117 682 1401 762 singuli&
1472 681 1696 743 diebus
1754 683 1951 744 totius
2008 682 2176 743 anni
2218 691 2633 762 preterquam
2690 681 2759 740 in

366 769 560 830 triduo
599 778 749 831 ante
775 768 1035 850 pascha,
1050 769 1338 850 predicto
1378 768 1487 830 vel
1521 767 1652 830 alio
1684 768 1864 830 modo
1894 778 2020 849 pro
2049 766 2373 848 cuiusquel
2418 768 2763 829 deuotione.

367 856 480 918 Est
532 866 747 918 autem
806 856 1293 932 aduertendum,
1351 856 1527 936 quod
1575 855 1641 916 si
1694 854 1776 916 ab
1821 876 1945 917 vno
1988 856 2116 917 solo
2171 857 2432 917 dicatur
2487 853 2759 936 officium

366 941 699 1005 omittitur-‘²
751 943 865 1005 tibi
926 954 1113 1025 pater
1165 953 1229 1005 et
1278 952 1345 1005 te
1390 952 1576 1025 pater
1627 952 1692 1003 et
1737 942 1807 1003 in
1839 942 2230 1005 absolutione
2259 943 2382 1004 loco
2414 943 2508 1004 tui
2541 952 2604 1003 et
2631 942 2762 1003 tuis

366 1031 594 1092 debitur
637 1028 867 1092 nostri³
914 1041 974 1092 et
1026 1030 1313 1093 nostris!
1403 1029 1663 1092 sivero
1694 1029 1955 1090 dicatur
1980 1028 2253 1111 officium
2284 1051 2327 1090 a
2358 1029 2602 1092 duobus
2645 1038 2769 1089 aut

352 1117 655 1197 plumam,
687 1118 987 1179 iteranda
1016 1128 1110 1179 est
1140 1117 1412 1179 inuicem
1443 1116 1751 1196 confessio
1780 1125 1854 1178 vt
1879 1116 1974 1198 fit
2005 1117 2073 1179 in
2107 1117 2323 1179 missa.

758 1260 824 1330 ΙΙ
870 1254 1125 1316 Deinde
1136 1253 1346 1334 finita
1376 1253 1682 1333 confessio
1723 1253 1980 1315 dicitm‘.
2092 1253 2342 1317 Versus.

377 1366 751 1494 DOmine
800 1366 975 1428 labia
1027 1386 1175 1428 mea
1228 1366 1499 1447 aperies,

587 1453 1097 1534 Responsorium.
1178 1453 1281 1528 Et
1312 1473 1388 1514 os
1421 1473 1642 1514 meum
1679 1452 2102 1514 annuntiabit
2135 1453 2400 1515 laudem
2436 1463 2640 1526 tuam,

484 1539 575 1601 Et
602 1539 715 1601 lzoc
736 1540 949 1602 dicens
980 1540 1242 1602 interim
1278 1540 1496 1602 munit
1521 1560 1586 1601 se
1614 1540 1800 1620 signo
1831 1539 2037 1601 crucis
2065 1549 2128 1601 et
2153 1539 2466 1602 similiter
2496 1541 2563 1601 in
2609 1540 2770 1620 alis&

363 1626 532 1687 leoris
559 1648 700 1688 cum
732 1627 1013 1689 dicitur.5
1167 1627 1351 1689 Deus
1382 1628 1445 1687 in
1481 1626 1881 1689 adiutorium
1917 1647 2139 1689 meum
2180 1638 2288 1690 etc.
2333 1637 2397 1688 et
2430 1626 2765 1690 Conuerte

361 1734 474 1775 nos
507 1713 670 1776 deus
710 1714 1012 1776 salutaris
1049 1724 1152 1776 etc.

1091 1893 1157 1963 (Ι
1202 1887 1458 1950 Deinde
1487 1888 1730 1950 dicitur
1757 1885 2022 1949 versus.⁶

489 1999 672 2061 Deus
725 2000 789 2060 in
841 2000 1259 2062 adiutorium.
1349 2002 1457 2071 ΕΡ
1506 1999 1797 2061 Domine
1841 2001 1924 2061 ad
1973 2000 2443 2062 adiuuandum.
2538 2000 2773 2062 Gloria

358 2088 544 2168 patri,
567 2096 632 2148 et
666 2084 817 2162 filio,
847 2095 913 2149 et
946 2087 1204 2168 spiritui
1237 2097 1484 2149 sancto,
1579 2087 1766 2149 Sicut
1800 2097 1938 2147 erat
1985 2087 2048 2146 in
2099 2087 2440 2167 principi0‚
2472 2096 2537 2149 et
2574 2107 2775 2160 nune„

357 2184 423 2236 et
456 2194 733 2254 semper,
763 2183 829 2236 et
862 2174 926 2235 in
962 2174 1183 2236 secula
1215 2174 1602 2235 seculorum.
1698 2174 1937 2235 Amen.
2036 2173 2386 2235 Halleluia.

492 2261 582 2322 Et
628 2261 723 2323 sic
765 2260 1010 2322 dzkitur
1063 2260 1396 2322 Halleluia
1448 2261 1545 2322 ad
1588 2281 1804 2323 omnes
1847 2259 2042 2321 lzoras
2079 2272 2203 2341 per
2244 2271 2446 2322 totum
2498 2281 2775 2337 annum

347 2357 760 2428 preterquam
796 2369 838 2408 a
879 2347 1199 2409 dominica
1231 2369 1299 2409 m
1330 2348 1796 2427 septuagesima
1828 2369 1870 2408 7
1869 2368 2020 2428 sque
2049 2349 2145 2409 ad
2153 2347 2414 2429 pascha,
2438 2348 2562 2410 loco
2585 2348 2769 2409 cuius

354 2435 464 2497 illo
528 2445 797 2515 tempore
856 2455 1051 2516 vsque
1100 2435 1197 2496 ad
1218 2435 1476 2514 seriam
1525 2434 1820 2515 quintam
1866 2435 1935 2496 in
1997 2455 2147 2496 cena
2191 2435 2448 2498 domi'nz
2510 2435 2772 2502 dicitur

358 2523 537 2584 Laus
570 2521 687 2584 tibi
719 2522 1006 2596 domine,
1039 2542 1157 2583 rex
1191 2533 1415 2584 eterne
1448 2521 1673 2603 glorie.

484 2702 547 2771 {I
602 2695 659 2759 C
652 2707 1064 2778 onsequenter
1161 2696 1403 2759 dicitur
1505 2696 1961 2758 inuitatorium
2064 2698 2334 2778 tempori
2419 2698 2526 2759 vel
2591 2698 2775 2776 sesto

356 2783 745 2845 conuenienS.

487 2876 551 2945 (Ι
597 2870 1084 2933 Inuitatorium.
1180 2870 1469 2933 Domine
1524 2870 1962 2953 prestolamur
2010 2872 2375 2934 aduentum
2428 2880 2614 2934 tuum
2701 2880 2778 2938 vt

352 2958 491 3019 cito
521 2958 763 3033 veniam,
794 2966 860 3018 et
893 2956 1218 3019 dissoluas
1250 2958 1477 3039 iugum
1511 2958 1918 3039 captiuitatis
1952 2969 2194 3019 nostre.

485 3049 548 3118 (ξ
596 3043 679 3105 H
674 3065 741 3104 oc
792 3044 1246 3105 inuitatorium
1302 3046 1546 3107 dicitm‘
1602 3065 1796 3125 vsque
1852 3045 1950 3106 ad
1999 3046 2302 3124 vigiliam
2366 3043 2768 3107 natiuitatis-³5

348 3130 669 3191 exclusiue
717 3140 850 3191 tam
902 3130 970 3191 in
1020 3131 1376 3206 dominz'ctlc,
1405 3152 1599 3212 quam
1658 3132 1726 3192 in
1758 3132 1979 3211 feriss,
2013 3131 2149 3194 nisi
2174 3143 2419 3213 agatur
2444 3133 2522 3193 de
2550 3132 2774 3213 aliqua

346 3227 586 3279 sancto,

486 3309 552 3379 ΙΙ
598 3304 980 3366 Notandum
1039 3315 1273 3380 autem,
1330 3304 1507 3387 quod
1555 3306 1620 3367 si
1675 3303 1947 3386 officium
2009 3307 2273 3368 dicatur
2327 3307 2408 3368 ab
2453 3327 2576 3368 vno
2622 3306 2775 3382 sola,

347 3390 815 3452 inuitatorium
907 3392 1151 3453 dieitur
1237 3393 1434 3455 semel
1516 3402 1771 3454 tantum
1846 3403 1996 3454 ante
2073 3394 2426 3474 psalmum.
2519 3393 2765 3455 Venite

343 3476 759 3539 exultemus
850 3489 912 3539 et
959 3500 1080 3541 non
1115 3480 1427 3560 repetitur
1454 3500 1649 3560 vsque
1696 3480 1763 3541 in
1779 3478 1987 3560 finem
2021 3480 2301 3542 eiusdem
2341 3480 2602 3561 psalmi.
2684 3480 2772 3543 St

340 3585 503 3627 vero
552 3562 824 3645 officium
874 3564 1133 3627 dicatur
1156 3587 1199 3627 a
1230 3566 1487 3641 duobus,
1517 3577 1636 3628 aut
1671 3567 1988 3647 pluribus,
2022 3567 2134 3628 inu
2142 3567 2477 3629 itatorium
2526 3568 2779 3629 dicitur

338 3651 435 3712 ab
488 3671 629 3724 vna,
664 3661 725 3712 et
774 3653 1083 3731 repetitur
1124 3653 1350 3715 statim
1382 3653 1464 3714 ab
1492 3654 1637 3727 alia,
1673 3653 1780 3714 vel
1802 3654 1958 3733 alijs
1985 3653 2194 3715 simul
2215 3665 2365 3716 ante
2407 3655 2767 3735 predictum

316 3738 679 3821 psalmum
703 3762 725 3799 .·
771 3739 840 3800 in
874 3738 1019 3819 fine
1070 3748 1285 3801 autem
1306 3741 1555 3820 psalmi
1580 3761 1796 3803 omnes
1823 3740 2031 3801 simul
2055 3740 2277 3803 dicunt
2306 3741 2770 3805 inuitatorium

330 3826 554 3889 semel
583 3834 855 3888 tantum.

1338 3986 1404 4056 ΙΙ
1450 3979 1778 4043 PsalmuS.

326 4090 697 4220 VEnite
758 4090 1137 4154 exultemus
1197 4091 1486 4167 domino,
1547 4092 1896 4155 iubilemus
1970 4094 2099 4155 deo
2175 4094 2444 4157 salutari
2522 4106 2774 4169 nostre,

315 4268 335 4280 ο
401 4196 1044 4327 ἱ,Ἰρικῗοιῑειξρεετηιιε
1121 4178 1355 4240 faciem
1410 4179 1547 4241 eius
1607 4179 1673 4240 in
1728 4180 2158 4256 confessione,
2212 4191 2277 4243 et
2352 4183 2416 4243 in
2494 4181 2773 4264 psalmis

310 4288 393 4329 1u
467 4284 709 4327 lemus
741 4283 815 4326 en.

438 4407 459 4438 ¹
498 4408 846 4471 cuiuscunque
863 4424 880 4457 .·
915 4421 991 4471 39.
1936 4409 1958 4439 ‘-’
1992 4412 2048 4458 in
2072 4410 2366 4476 consessione
2385 4427 2404 4459 .·
2435 4413 2545 4460 add.
2575 4411 2654 4460 60.
2684 4411 2771 4463 61.

440 4474 468 4502 ³
502 4473 734 4523 nostris:
772 4472 851 4536 63.
1263 4475 1281 4501 ⁴
1317 4476 1503 4524 nostri:
1541 4475 1620 4537 63.
1935 4474 1955 4503 ⁵
1998 4476 2139 4525 Thus
2162 4475 2239 4539 38.
2313 4478 2470 4526 dicit:
2509 4490 2585 4540 39.
2617 4485 2709 4525 etc.

438 4538 468 4569 ⁶
501 4554 602 4588 om.
631 4537 712 4587 61.
1935 4540 1954 4571 ⁷
1988 4543 2217 4590 donn'ni:
2249 4544 2360 4592 add.
2391 4555 2467 4606 39.
2498 4556 2576 4602 41.
2607 4542 2693 4591 61.

531 4620 595 4670 Β.
631 4618 696 4667 R.
735 4617 803 4671 N.
2457 4625 2507 4671 1)
