3293 5225
319 413 461 463 Nov,
493 413 601 475 20.]
729 413 915 463 DED.
953 413 1006 462 S.
1047 411 1315 462 PETRI:
1349 413 1403 462 S.
1444 411 1915 463 PONTIANUS:
1948 414 2001 464 S.
2046 414 2497 465 ELISABETH.
2637 424 2731 478 353

312 576 665 630 coronatur
696 567 903 649 pridie
935 586 1147 629 nonas
1181 566 1596 629 Nouembris.
1687 564 1990 648 Quorum
2039 588 2315 651 corpora
2344 568 2612 631 condita
2643 568 2729 631 ad

316 653 673 717 Iudeorum
724 653 1070 736 sepulchra
1120 663 1271 736 post
1322 652 1577 734 aliquot
1636 673 1851 716 annos
1902 674 1942 717 a
1994 655 2193 718 beato
2246 655 2608 718 Ambrosio
2660 656 2728 717 in

311 740 546 804 eadem
578 742 738 805 vrbe
769 751 923 804 sunt
953 760 1105 803 cum
1137 739 1393 803 solenni
1428 759 1677 823 pompa
1707 740 1793 803 ad
1834 740 2282 806 honestiorem
2338 761 2730 823 sacrumque

311 827 530 891 locum
565 827 900 892 translata.

612 963 679 1033 (Ι
724 957 1062 1020 Dedicatio
1092 956 1348 1020 basilice
1374 955 1570 1018 Petri
1592 966 1656 1018 et
1669 956 1872 1037 pauli
1894 957 2129 1039 duplex
2155 955 2414 1022 minus.1

1291 1079 1416 1142 Ad
1438 1091 1746 1161 vesperas,

441 1205 764 1287 Hymnus.
853 1205 1033 1269 Vrbs
1063 1206 1276 1269 beata.

442 1292 841 1375 Antejohona.
937 1293 1083 1356 Hec
1114 1302 1215 1356 est
1245 1292 1484 1356 domus
1515 1291 1638 1357 dei.

447 1441 689 1506 Oratio,
785 1442 971 1505 Deus
1000 1442 1112 1523 qui
1146 1441 1338 1505 nobis
1366 1452 1472 1508 etc.

442 1526 539 1591 vt²
569 1528 639 1590 in
669 1529 1061 1592 dedicatione
1088 1528 1344 1592 basilice
1369 1530 1724 1594 saluatoris
1751 1539 1814 1592 et
1840 1530 2152 1593 similiter
2173 1531 2271 1592 ad
2299 1531 2727 1594 matutinum³

310 1615 534 1678 laudes
560 1625 623 1677 et
650 1627 943 1697 vesperas
986 1616 1297 1679 dicuntur
1320 1616 1798 1694 inuitatorium,
1827 1617 2072 1697 hymni,
2100 1617 2462 1699 antiphone,
2504 1618 2726 1682 Tertia

311 1702 486 1765 lectio
514 1712 579 1765 et
604 1703 809 1765 oratio
840 1712 914 1766 vt
940 1703 1011 1765 in
1042 1703 1207 1766 dicto
1219 1703 1411 1783 festo.

849 1840 1220 1903 Pontianus
1234 1851 1415 1922 papa
1447 1843 1746 1922 martyre*
1832 1841 2042 1905 Lectio
2072 1842 2183 1923 ,iili

323 1938 769 2067 POntianus
799 1941 1013 2022 patria
1047 1940 1394 2002 Romanus
1425 1940 1731 2024 pontifex
1765 1939 1977 2004 sactus
2007 1951 2107 2005 est
2138 1962 2318 2004 anno
2348 1940 2562 2016 cristi†
2582 1945 2722 2006 nati

459 2046 566 2090 .cc.
597 2036 665 2089 et
695 2026 846 2090 .xlv.
881 2036 1180 2109 tempore
1213 2026 1588 2091 Alexandri
1622 2029 2053 2111 imperatoris
2145 2028 2278 2111 Qui
2310 2048 2718 2111 quamquam

308 2113 669 2195 imaginem
734 2111 967 2186 Cristi†
1026 2112 1208 2176 domi
1270 2113 1591 2192 habuerit,
1638 2117 1832 2197 eique
1893 2115 2215 2199 templum
2277 2115 2584 2180 edificare
2644 2137 2721 2180 ac

310 2199 480 2263 inter
531 2200 694 2264 deos
753 2201 989 2264 referre
1032 2201 1330 2276 voluerit,
1376 2210 1603 2265 tamen
1652 2201 1977 2266 idolorum
2032 2202 2413 2266 sacrificulis
2470 2202 2722 2286 efflagi-

307 2287 603 2350 tantibus
693 2288 1096 2350 Pontianum
1173 2289 1239 2349 in
1325 2287 1702 2352 Sardiniam
1796 2289 2077 2353 insulam
2168 2309 2319 2353 cum
2416 2290 2723 2374 Philippo

309 2373 697 2456 presbytero
773 2375 1111 2457 relegauit.
1231 2374 1368 2437 Vbi
1445 2375 1692 2439 multas
1763 2375 2195 2454 calamitate5‚
2268 2386 2336 2440 et
2417 2379 2722 2461 grauiora

309 2469 642 2523 tormenta
734 2481 853 2543 pro
941 2459 1186 2525 Christi
1277 2460 1407 2525 fide
1499 2482 1735 2544 passus
1826 2464 2102 2526 moritur
2175 2463 2334 2545 xiij.
2409 2464 2724 2528 calendas

309 2546 717 2611 Decembris,
825 2547 1030 2614 Cuius
1076 2568 1316 2632 corpus
1363 2560 1594 2633 postea
1648 2570 1688 2612 a
1740 2549 2038 2612 Fabiano
2100 2549 2412 2632 pontifice
2464 2571 2718 2615 romam

308 2654 459 2697 cum
544 2655 791 2718 magna
880 2638 1322 2714 veneratione,
1410 2657 1488 2700 ac
1591 2638 1799 2701 totius
1886 2637 2040 2701 cleri
2130 2638 2724 2721 supplicationibus

310 2731 718 2804 reportatum
780 2732 882 2785 est
940 2744 1018 2785 ac
1078 2723 1410 2806 sepultum
1472 2725 1580 2786 via
1641 2724 1869 2807 Appia
1924 2726 1991 2788 in
2053 2726 2406 2789 cemeterio
2466 2725 2722 2790 callisti.

306 2806 501 2872 Vixit
531 2817 755 2872 autem
789 2810 855 2871 in
890 2810 1286 2873 Pontificatu
1318 2830 1532 2873 annos
1561 2812 1669 2876 jx.
1704 2831 1965 2875 menses
1993 2833 2069 2875 .v.
2099 2812 2241 2875 dies
2273 2811 2353 2893 ‚ij.

940 2951 1007 3021 (Ι
1052 2944 1388 3009 Elisabeth
1419 2946 1665 3011 vidua-‘¹
1753 2947 1864 3029 jis.
1896 2947 2087 3012 lectio.

320 3042 769 3172 FLisabeth
846 3046 1018 3127 regis
1081 3044 1422 3108 Pannonie
1484 3043 1617 3108 filia
1678 3067 1719 3108 a
1779 3048 2021 3110 teneris
2081 3049 2275 3110 annis
2334 3060 2579 3125 sancte,
2639 3072 2716 3115 ac

387 3145 437 3172 Α
477 3130 780 3213 religiose
810 3132 998 3209 vixit,
1027 3142 1095 3195 et
1127 3142 1336 3214 nupta
1369 3132 1715 3196 Ludouico
1749 3132 2205 3215 Lanthgrauio
2226 3136 2365 3197 viro
2398 3135 2715 3219 Turingie

308 3217 718 3281 nobilissimo
778 3227 916 3281 tam
978 3228 1176 3295 caste,
1228 3240 1306 3285 ac
1362 3219 1468 3301 pie
1516 3220 1716 3283 deum
1771 3220 2051 3298 colebat,
2102 3231 2174 3284 vt
2227 3243 2347 3285 suo
2399 3224 2716 3306 exemplo

307 3305 616 3368 maritum
650 3305 735 3368 ad
768 3306 1189 3368 sanctitatem
1236 3326 1313 3369 ac
1345 3307 1479 3369 vite
1525 3307 1997 3389 perfectionem
2046 3308 2400 3385 induxerit,
2430 3311 2713 3374 orationi

304 3390 566 3455 assidue
613 3412 876 3470 vacanS,
925 3412 1423 3475 pauperumque
1470 3393 1854 3475 indigentijs
1899 3394 2253 3458 liberaliter
2296 3396 2711 3463 subueniens.

308 3477 579 3542 Mortuo
639 3499 795 3542 vero
855 3480 1094 3542 marito
1155 3479 1649 3543 xenodochium
1728 3482 2099 3544 maximum
2176 3485 2548 3547 construxit
2624 3486 2710 3549 ad

304 3586 628 3648 pauperes
686 3576 1064 3647 egrotantes
1123 3567 1415 3643 alend05,
1467 3577 1533 3629 et
1595 3567 1940 3645 curandoS,
1999 3569 2238 3650 quibus
2299 3591 2431 3633 non
2495 3572 2707 3636 solum

303 3654 671 3715 necessaria
717 3653 1278 3730 subministrabat,
1322 3654 1438 3728 sed
1486 3655 1769 3736 ipsamet
1816 3656 2094 3718 saniosis
2138 3658 2337 3720 etiam
2386 3658 2711 3722 vlceribus

304 3739 710 3802 admouebat
743 3739 1247 3804 medicamenta.
1335 3740 1547 3824 Igitur
1579 3743 1978 3824 patrimonio
2011 3745 2249 3825 partim
2283 3744 2386 3806 his
2418 3746 2483 3807 in
2517 3747 2712 3810 rebus

303 3824 705 3908 absumpt0‚⁶
751 3828 991 3909 partim
1039 3847 1080 3889 a
1132 3828 1641 3909 consanguineis
1700 3829 2030 3892 demortui
2093 3832 2310 3897 mariti
2373 3833 2710 3897 subtracto

305 3913 371 3975 in
427 3914 809 3995 pauperiem
866 3913 1149 3990 redacta,
1196 3914 1501 3977 manibus
1560 3924 1785 3978 tamen
1840 3916 2020 3997 quod
2073 3916 2327 4000 egenis⁷
2380 3919 2711 3996 tribueret,

305 3999 696 4081 queritabat,
735 4010 938 4081 atque
984 4000 1085 4062 his
1131 4001 1439 4083 operibus
1484 4003 1741 4064 intenta
1786 4004 1992 4065 vitam
2040 4006 2453 4068 sanctissime
2500 4017 2709 4070 trans-

303 4088 459 4168 egit,
489 4086 761 4150 tandem
796 4087 976 4150 febre
1021 4087 1391 4170 assumpta⁸
1435 4089 1521 4152 ad
1564 4089 1832 4152 celestia
1878 4111 2081 4172 regna
2129 4093 2439 4174 migrauit
2487 4095 2723 4157 multis

303 4173 635 4237 miraculis
665 4174 857 4237 clara.

398 4287 416 4319 ¹
450 4288 532 4339 die
560 4287 633 4338 18.
663 4291 722 4337 in
746 4306 810 4339 m.
1600 4289 1623 4321 ²
1655 4299 1844 4356 supra:
1875 4294 1986 4342 add·
2017 4306 2093 4357 39·
2122 4307 2180 4356 41
2210 4297 2280 4359 [μ
2312 4308 2407 4358 349
2432 4297 2450 4356 ]

399 4352 880 4469 {araz-232³&
1170 4454 1180 4464 .
1601 4355 2061 4488 :22:355339.

399 4482 420 4515 Ἰ
453 4488 615 4548 egris:
651 4498 730 4549 39,
1593 4485 1614 4516 Β
1645 4488 1943 4553 absumpta:
1982 4501 2059 4551 39.
2088 4503 2166 4551 41.
2198 4505 2275 4551 44.
2299 4505 2378 4553 49.
2408 4491 2488 4541 61.
2518 4492 2595 4557 63.
2626 4494 2706 4556 64,

395 4563 551 4615 B.R.
589 4565 657 4616 N.
2312 4574 2347 4619 2
2396 4573 2444 4620 A
