3293 5225
1000 458 1291 506 DOMINI
1292 460 1379 506 CA
1417 458 1512 505 IN
1536 458 1829 506 SEP'IUA
1840 458 2137 505 GESIMA.
2728 463 2790 512 77

962 668 1027 737 (Ι
1061 661 1141 724 H
1136 658 1409 743 omelia†
1437 662 1649 724 sancti
1692 661 1753 724 G
1755 663 2000 744 regortj
2025 673 2204 743 pape.

394 776 799 906 REgnum
831 774 1123 837 celorum
1156 773 1617 856 patrifamilias
1649 775 1862 837 simile
1894 775 2147 850 dicitur,
2178 776 2289 856 qui
2323 774 2408 837 ad
2462 796 2551 837 ex
2572 774 2792 837 colen-

572 865 730 925 dam
756 863 1019 924 vineam
1054 881 1242 924 suam
1297 862 1631 943 operarios
1685 862 2032 925 conduxit.
2127 861 2296 944 Quis
2349 883 2507 925 vero
2554 861 2789 945 patris-

383 950 665 1014 familias
702 950 1203 1012 similitudinem
1260 949 1499 1011 rectius
1553 959 1737 1012 tenet
1784 970 1985 1031 quam
2024 950 2330 1013 conditor
2359 955 2630 1012 noster?
2677 948 2791 1029 qui

385 1039 553 1120 regit
586 1057 756 1119 quos
787 1035 1086 1099 condidit
1115 1060 1129 1100 ε
1161 1045 1229 1099 et
1260 1035 1507 1098 electos
1537 1056 1696 1099 suos
1727 1038 1820 1099 sic
1877 1038 1942 1099 in
1990 1037 2117 1099 hoc
2174 1037 2426 1100 mundo
2489 1035 2788 1120 possidet

382 1126 573 1208 quasi
606 1125 940 1187 subiectos
971 1122 1282 1185 dominus
1317 1124 1383 1185 in
1417 1123 1636 1186 domo.
1730 1123 1865 1206 Qui
1899 1124 2101 1187 habet
2132 1125 2393 1186 vineam
2414 1125 2789 1186 vniuersam

379 1213 629 1275 scilicet
663 1211 1010 1274 ecclesiam
1042 1235 1055 1274 ε
1088 1231 1218 1292 que
1250 1210 1337 1272 ab
1370 1210 1546 1272 Abel
1581 1216 1757 1274 iusto
1778 1232 1983 1293 vsque
2016 1211 2103 1274 ad
2137 1212 2442 1275 vltimum
2466 1210 2748 1274 electum
2778 1232 2791 1270 :

381 1301 495 1380 qui
529 1300 592 1360 in
628 1297 757 1360 fine
791 1299 1020 1361 mundi
1053 1307 1369 1361 venturus
1399 1307 1495 1360 est
1528 1321 1542 1360 ε
1574 1296 1781 1379 quod1
1814 1308 2079 1361 sanctos
2111 1298 2388 1380 protulit
2416 1321 2429 1360 :
2477 1298 2665 1379 quasi
2690 1307 2791 1360 tot

382 1387 691 1469 palmites
768 1386 964 1448 misit.
1089 1385 1220 1447 Hic
1297 1385 1520 1465 itaque
1581 1395 1771 1467 pater
1831 1385 2115 1448 familias
2185 1385 2271 1448 ad
2347 1386 2788 1448 excolendam

382 1475 644 1536 vineam
670 1493 859 1536 suam
889 1492 1084 1535 mane
1108 1473 1307 1535 :hora
1326 1472 1519 1534 tertia
1543 1484 1759 1550 sexta,
1782 1493 1960 1536 nona
1980 1482 2048 1535 et
2071 1473 2439 1549 vndecima‚
2457 1472 2794 1555 operarios

380 1560 696 1623 conducit
725 1583 737 1621 :
772 1560 927 1641 quia
959 1580 998 1621 a
1031 1558 1261 1622 mundi
1292 1559 1487 1621 huius
1521 1560 1709 1622 initio
1739 1581 1948 1643 vsque
1983 1561 2046 1621 in
2082 1560 2280 1622 finem
2308 1585 2322 1623 :
2355 1562 2440 1623 ad
2491 1559 2791 1622 erudien-

378 1648 538 1711 dam
564 1647 826 1730 plebem
851 1646 1144 1709 fidelium
1177 1647 1625 1728 predicatores
1658 1646 2063 1730 congregare
2094 1667 2227 1709 non
2262 1648 2539 1710 desistit.
2592 1647 2794 1708 Mane

376 1735 630 1798 etenim
665 1733 894 1797 mundi
930 1734 1049 1797 fuit
1081 1734 1168 1796 ab
1207 1732 1433 1795 Adam
1482 1754 1689 1815 vsque
1734 1736 1818 1797 ad
1871 1735 2062 1797 Noe:
2109 1735 2271 1797 hora
2316 1755 2472 1797 vero
2519 1735 2711 1797 tertia
2758 1753 2796 1794 a

389 1823 535 1884 Noe
565 1841 773 1902 vsque
804 1821 889 1883 ad
926 1821 1289 1885 Abraham.
1380 1819 1595 1885 Sexta
1626 1842 1892 1903 quoque
1923 1822 2010 1884 ab
2052 1822 2397 1884 Abraham
2451 1841 2659 1903 vsque
2709 1823 2793 1882 ad

390 1910 691 1990 Moysen.
785 1909 983 1971 Nona
1044 1919 1267 1971 autem
1331 1928 1370 1969 a
1421 1908 1661 1989 Moyse
1715 1929 1920 1990 vsque
1968 1909 2054 1971 ad
2108 1909 2473 1972 aduentum
2524 1908 2797 1972 domini.

388 1997 448 2058 V
455 1995 761 2058 ndecima
809 2016 964 2058 vero
1018 1996 1105 2058 ab
1152 1994 1445 2058 aduentu
1507 1996 1802 2058 domini:
1864 2017 2072 2078 vsque
2134 1999 2218 2060 ad
2282 1996 2483 2058 finem
2548 1995 2796 2058 mundi.

393 2084 467 2145 ln
502 2103 636 2165 qua
697 2083 1144 2164 predicatores
1205 2083 1413 2145 sancti
1478 2083 1766 2164 apostoli
1829 2084 2010 2145 missi
2059 2094 2213 2146 sunt
2275 2085 2387 2165 qui
2421 2084 2792 2145 mercedem

382 2171 691 2251 plenam:
741 2180 809 2233 et
859 2169 1045 2233 tarde
1095 2170 1436 2232 venientes
1487 2181 1900 2251 acceperunt.
1992 2170 2105 2233 Ad
2154 2171 2587 2234 erudiendam
2639 2189 2799 2250 ergo

387 2258 697 2319 dominus
728 2256 991 2339 plebem
1026 2276 1218 2319 suam
1251 2257 1440 2338 quasi
1473 2256 1560 2318 ad
1592 2257 2037 2320 excolendam
2071 2259 2334 2320 vineam
2369 2278 2556 2320 suam
2614 2256 2798 2318 nullo

387 2357 686 2426 tempore
725 2344 982 2407 destitit
1035 2345 1370 2426 operarios
1414 2344 1711 2408 mittere:
1744 2345 1901 2426 quia
1933 2355 1999 2408 et
2032 2346 2211 2426 prius
2241 2365 2360 2427 per
2411 2354 2676 2427 patres:
2732 2355 2799 2406 et

388 2430 819 2512 postmodum
869 2452 984 2512 per
1030 2431 1503 2513 legisdoctores
1551 2442 1619 2493 et
1666 2432 2045 2514 prophetem,
2079 2433 2161 2494 ad
2210 2443 2588 2495 extremum
2643 2451 2798 2493 vero

389 2540 503 2600 per
534 2517 875 2600 apostolos
906 2518 1065 2580 dum
1101 2518 1314 2600 plebis
1347 2538 1463 2580 sue
1495 2539 1712 2580 mores
1744 2519 2038 2581 excoluit
2069 2542 2082 2581 ε
2115 2520 2302 2600 quasi
2325 2540 2441 2601 per
2463 2519 2800 2601 operarios

386 2609 450 2668 in
514 2606 705 2668 vinee
765 2605 1022 2669 cultura
1084 2625 1491 2688 magnopere
1552 2605 1896 2669 laborauit.
1991 2604 2319 2688 Quamuis
2382 2607 2445 2668 in
2503 2605 2798 2688 quolibet

388 2693 660 2757 modulo
682 2693 785 2756 vel
813 2691 1099 2755 mesura2
1129 2693 1427 2774 quisquis
1458 2713 1608 2755 curn
1644 2692 1775 2755 fide
1808 2692 1986 2756 recta
2019 2693 2191 2756 bone
2224 2695 2503 2757 actionis
2534 2694 2761 2756 extitit
2788 2717 2800 2755 ε

386 2782 581 2843 huius
612 2781 802 2843 vinee
832 2780 1167 2862 operarius
1201 2780 1337 2842 fuit.
1431 2778 1763 2860 Operator
1793 2800 1953 2862 ergo
1986 2801 2183 2843 mane
2205 2782 2368 2844 hora
2393 2782 2585 2843 tertia
2605 2790 2799 2843 sexta

386 2879 453 2930 et
505 2887 681 2930 nona
727 2868 1042 2949 antiquus
1092 2866 1198 2928 ille
1250 2877 1317 2928 et
1371 2865 1715 2929 hebraicus
1768 2867 2054 2950 populus
2104 2869 2505 2949 designatur,
2565 2869 2675 2947 qui
2732 2869 2796 2928 in

385 2955 613 3017 electis
665 2957 800 3017 suis
854 2957 940 3016 ab
990 2955 1133 3036 ipso
1166 2952 1398 3016 mundi
1429 2955 1711 3016 exordio
1743 2958 1902 3017 dum
1939 2963 2116 3017 recta
2151 2954 2280 3017 fide
2311 2954 2566 3018 studuit
2598 2956 2797 3017 deum

390 3041 611 3104 colere
641 3065 654 3104 :
686 3043 876 3122 quasi
911 3061 1045 3103 non
1078 3042 1335 3103 destitit
1368 3041 1430 3101 in
1465 3042 1658 3104 vinee
1688 3041 1947 3104 cultura
1981 3041 2323 3105 laborare.3

517 3134 582 3203 (Ι
613 3128 1018 3202 Notandum,
1034 3129 1209 3209 quod
1222 3127 1304 3189 ab
1325 3126 1449 3189 hac
1466 3128 1790 3191 dominica
1813 3128 2125 3191 z’nclusz'ue
2143 3150 2340 3209 vsque
2356 3128 2705 3208 adseriam
2726 3150 2800 3191 .v.

392 3216 461 3277 in
492 3236 642 3277 cena
673 3215 937 3289 domini,
968 3215 1226 3295 quando
1239 3214 1336 3296 fit
1361 3213 1636 3296 officium
1667 3215 1745 3277 de
1774 3215 2097 3278 dominica
2127 3216 2236 3278 vel
2250 3216 2439 3297 feria
2469 3237 2594 3277 non
2645 3216 2801 3277 dici-

388 3314 517 3366 tur.
566 3302 666 3364 Te
716 3302 956 3365 Deum.
990 3311 1139 3382 post
1166 3302 1280 3383 jej.
1327 3301 1646 3363 lectionem
1694 3303 1812 3364 sed
1858 3302 1981 3364 loco
2034 3302 2172 3365 eius
2215 3303 2460 3365 dicitur
2487 3303 2788 3383 psalmus

391 3391 721 3453 Miserere.
755 3389 854 3451 υτ*
863 3389 1039 3467 solio
1070 3404 1171 3468 45.

1151 3532 1216 3601 (Ι
1246 3525 1371 3588 Ad
1392 3527 1615 3588 laudes
1643 3525 1705 3588 A
1716 3526 2043 3607 nteplzona.

527 3640 652 3701 Per
684 3639 983 3720 singulos
1017 3638 1157 3700 dies
1189 3637 1578 3701 benedicam
1613 3638 1750 3713 tibi,
1780 3649 1848 3701 et
1881 3638 2172 3701 laudabo
2203 3659 2445 3701 nomen
2481 3648 2688 3701 tuum.

1481 3748 1729 3812 Oratio·

402 3864 724 3995 PReces
758 3863 987 3945 populi
1021 3863 1135 3938 tui,
1154 3881 1514 3943 quesumus
1535 3862 1848 3937 domine-‚⁵
1869 3862 2231 3926 clementer
2260 3864 2507 3926 exaudi
2536 3888 2549 3927 :
2592 3873 2664 3926 vt
2693 3865 2806 3945 qui

554 3952 723 4013 iuste
756 3971 875 4031 pro
906 3951 1194 4032 peccatis
1225 3950 1466 4012 nostris
1514 3948 1910 4031 affligimur:
1963 3969 2082 4031 pro
2120 3950 2213 4014 tui
2266 3952 2550 4012 nominis
2598 3951 2808 4032 gloria

390 4037 897 4100 misericorditer
929 4037 1293 4099 liberemur.
1389 4036 1525 4098 Per.

1125 4154 1190 4223 (Ι
1221 4148 1347 4211 Ad
1378 4159 1672 4229 vesperas
1701 4146 1996 4227 hymnus.

395 4261 677 4392 LVcis
702 4270 958 4323 creator
981 4260 1252 4341 optime,
1281 4259 1530 4321 Lucem
1553 4260 1810 4322 dierum
1837 4259 2192 4341 proferens.
2243 4261 2625 4343 Primordijs
2649 4261 2811 4324 lucis

560 4368 733 4410 noue
762 4347 997 4410 Mundi
1026 4366 1267 4429 parans
1300 4347 1636 4428 originem.

488 4481 502 4511 ¹
539 4494 697 4547 quot:
735 4495 813 4545 39.
854 4491 949 4532 etc.
1248 4480 1270 4510 ‘²
1304 4498 1566 4531 mensura:
1603 4494 1682 4544 39.
1713 4492 1807 4531 etc.
2119 4483 2140 4512 ³
2167 4484 2418 4534 Miserere.
2451 4495 2525 4548 50.
2555 4486 2667 4533 add.
2696 4486 2776 4549 63.

481 4546 501 4577 ⁴
533 4564 626 4597 om.
673 4560 753 4610 39.
783 4557 877 4596 etc.
1256 4546 1276 4574 ⁵
1309 4547 1550 4596 domino:
1588 4546 1666 4609 38.
