3293 5225
502 419 615 467 18³1,
1264 418 1626 468 REGULAE
1685 416 2151 467 GENERALES.

484 580 900 652 pentecosten.
995 570 1175 633 Sunt
1216 581 1511 652 preterea
1569 572 1850 653 quinque
1906 572 2049 645 alie,
2107 591 2273 652 quas
2329 570 2562 633 idcirco
2608 577 2922 649 vagantes

502 658 722 720 visum
783 668 879 721 est
934 659 1266 739 appellare,
1324 658 1481 740 quia
1526 668 1793 739 propter
1846 656 2218 721 vnietateml
2277 657 2735 738 septuages-ime
2794 676 2918 717 non

499 755 754 824 semper
796 745 1033 807 habent
1060 744 1325 808 eandem
1355 746 1564 807 sedem
1608 745 1726 807 sed
1747 745 2134 826 quibusdam
2165 745 2363 807 annis
2380 745 2677 806 incidunt
2704 764 2920 806 omnes

499 830 833 913 qm'nque2·
893 830 1101 895 simul
1184 842 1336 895 ante
1420 833 1976 913 septuagesimam,
2071 831 2459 913 quibusdam
2550 851 2697 893 vero
2770 838 2921 911 post

488 928 887 1000 pentecosten
949 919 1107 1000 alijs
1149 928 1365 981 autem
1427 919 1627 982 annis
1670 919 1874 1000 (quod
1907 920 2329 1000 frequentius
2377 915 2747 999 contingiffl)
2792 937 2916 979 non

501 1026 726 1067 omnes
793 1005 1072 1087 quinque
1143 1006 1360 1077 simul,
1432 1005 1553 1068 sed
1612 1016 1868 1068 tantum
1929 1017 2097 1087 pars
2168 1026 2392 1068 earum
2469 1004 2702 1067 incidit
2770 1014 2920 1067 ante

500 1092 1061 1173 septuagesimam,
1119 1102 1184 1154 et
1239 1093 1487 1174 reliqua
1540 1103 1710 1174 pars
1753 1103 1904 1174 post
1964 1102 2366 1172 pentecosten.
2462 1091 2639 1169 Quia
2704 1100 2917 1153 tamen

506 1180 849 1242 rarissime
919 1180 1243 1261 contingy't,
1318 1189 1392 1241 vt
1460 1180 1693 1262 quinta
1782 1181 2169 1262 vagantium
2243 1180 2509 1260 legenda
2593 1179 2685 1240 sit
2770 1194 2921 1240 ante

503 1266 1059 1348 septuagesi.mam
1104 1267 1243 1329 ideo
1288 1265 1357 1328 in
1404 1266 1729 1330 breutarto
1772 1288 1913 1329 eam
1958 1266 2383 1329 adiunximus
2427 1266 2673 1348 viginti
2711 1265 2915 1328 tribus

495 1361 647 1433 post
690 1362 1104 1435 pentecosten,
1165 1363 1227 1415 et
1281 1355 1644 1435 appellatur
1715 1354 2034 1435 vtgesima
2100 1362 2355 1434 quarta.
2444 1354 2504 1414 A
2515 1354 2645 1415 lias
2699 1363 2914 1414 autem

505 1449 792 1521 quatuor
844 1450 1163 1521 vagantes
1213 1440 1559 1522 posuimus
1631 1441 1806 1503 inter
1877 1441 2139 1504 tertiam
2200 1450 2355 1522 post
2423 1441 2794 1514 adue,ntum
2856 1449 2919 1501 et

506 1527 1066 1608 septuagesimam
1111 1527 1596 1590 distribuendas
1652 1528 1934 1609 singulis
1977 1528 2173 1590 annis
2231 1538 2303 1590 vt
2348 1528 2707 1602 inci',derent
2751 1528 2926 1607 quod

503 1613 1043 1698 quemadmodum
1087 1614 1254 1695 fieri
1315 1614 1550 1689 debeat,
1612 1614 1902 1677 i²uuenzes
1965 1607 2256 1695 regulam
2319 1625 2470 1677 ante
2527 1615 2913 1677 dominicam

491 1701 791 1784 primam
866 1702 1273 1782 vagantium,
1350 1702 1501 1763 item
1591 1703 1796 1763 aliam
1889 1703 2180 1782 regulam
2258 1723 2401 1763 cum
2491 1701 2698 1763 i'ndzce
2769 1712 2919 1763 ante

505 1787 897 1850 abminicam
947 1788 1207 1851 terttam
1248 1798 1397 1869 post
1428 1798 1839 1868 pentecoste-,n
1869 1798 1931 1850 et
1949 1751 2073 1851 ὸὶὸέ
2114 1789 2313 1851 etiam
2359 1789 2500 1850 sine
2546 1787 2919 1868 difficultate

504 1874 813 1948 inuenies,
879 1875 1416 1957 quemadmodum
1480 1878 1809 1956 repetenda
1870 1876 1961 1938 sit
2005 1885 2157 1956 post
2200 1885 2590 1957 pentecosten
2653 1896 2783 1938 vna
2841 1896 2921 1936 ex

506 1962 918 2041 vagantibus,
994 1962 1112 2024 illa
1201 1962 1491 2024 videlicet
1566 1983 1688 2043 que
1775 1962 2001 2026 vltimo
2088 1963 2212 2024 loco
2298 1963 2455 2025 lecta
2529 1963 2681 2042 suit
2766 1972 2919 2024 ante

501 2049 1061 2130 septuagesimam,
1133 2050 1390 2129 quando
1480 2048 1549 2110 in
1624 2071 1796 2113 anno
1863 2050 2139 2129 suerint
2221 2049 2698 2131 quinquaginta
2789 2059 2917 2110 tres

502 2134 833 2199 dominice.
931 2134 1125 2212 Quod
1147 2145 1361 2198 tamen
1412 2157 1536 2197 nou
1584 2136 1984 2220 frequentius
2011 2158 2210 2218 quam
2242 2146 2413 2198 sexto
2456 2157 2698 2217 quoque
2743 2157 2914 2198 anno

501 2223 867 2304 contingere
884 2232 1108 2304 potest.

1534 2472 1903 2536 SEXTA.⁴

500 2639 568 2709 (Ι
616 2634 908 2716 Quando
961 2635 1295 2718 agendum
1359 2638 1443 2699 sit
1490 2636 1780 2699 officium
1845 2637 1928 2699 de
1989 2638 2341 2714 dominica,
2386 2649 2453 2701 et
2498 2641 2769 2720 quando
2830 2642 2914 2704 de

1102 2723 1271 2786 festo
1302 2733 1417 2787 aut
1448 2738 1689 2786 octaua
1724 2725 1787 2787 in
1821 2745 1899 2786 ea
1932 2727 2315 2789 occurrenti.

635 2890 702 2959 ΙΙ
748 2885 1133 2948 Notandum
1206 2885 1382 2966 quod
1450 2885 1518 2947 in
1580 2886 1922 2948 dominicis
1982 2887 2051 2948 in
2111 2888 2344 2969 quibus
2420 2911 2543 2951 non
2618 2912 2754 2953 occu
2762 2890 2914 2953 rrit⁵

497 2971 670 3050 festu
678 2993 741 3033 m
801 2973 1036 3054 duplex
1097 2982 1218 3034 aut
1274 2982 1498 3035 octaua
1574 2974 1681 3035 vel
1734 2974 1971 3053 vigilia
2032 2975 2409 3037 natiuitatis
2468 2976 2731 3054 domini,
2798 2988 2919 3040 aut

506 3059 744 3140 vigilia
797 3059 1175 3141 Ept'plzanie‚
1222 3070 1472 3140 semper
1494 3059 1589 3140 fit
1634 3059 1908 3140 officium
1955 3061 2033 3123 de
2079 3063 2418 3137 dominica,
2462 3073 2526 3125 et
2567 3065 2633 3125 si
2656 3066 2911 3143 festum

501 3145 778 3226 simplex
833 3147 901 3209 in
969 3146 1291 3208 dominica
1366 3147 1596 3209 incidet
1598 3147 1681 3222 i,t
1749 3148 2079 3210 omittitur
2140 3149 2280 3210 eius
2350 3113 2641 3248 officim
2706 3161 2770 3214 et
2823 3152 2919 3234 fit

503 3235 1016 3296 commemoratio
1091 3234 1167 3295 de
1240 3254 1306 3295 eo
1366 3243 1492 3313 per
1575 3234 1930 3296 orationem
2021 3244 2276 3298 tantum
2353 3238 2423 3298 in
2496 3238 2640 3318 fine
2697 3239 2913 3319 prime

503 3328 853 3402 antequam
878 3320 1140 3383 dicatur
1170 3320 1473 3383 Preciosa
1484 3330 1901 3403 preterquam
1930 3322 1997 3383 in
2023 3322 2363 3385 dominicis
2385 3324 2913 3401 Resurrectionis,

503 3406 902 3473 Pentecostes
929 3418 991 3469 et
1033 3407 1397 3480 Trinitatis,
1426 3407 1583 3487 quia
1613 3418 1765 3469 tunc
1793 3409 1975 3470 nulla
2007 3409 2363 3491 debetfieri
2407 3414 2915 3475 commemoratio

502 3493 583 3557 de
581 3495 760 3573 festo
776 3494 1071 3575 simplici.
1168 3492 1442 3569 Quando
1466 3514 1612 3555 vero
1624 3495 1879 3573 festum
1913 3496 2148 3576 duplex
2175 3497 2242 3558 in
2276 3497 2596 3560 dominica
2619 3498 2916 3561 occurrit⁶

504 3589 659 3644 tunc
688 3581 754 3643 in
786 3581 1101 3662 predictis
1153 3580 1363 3642 tribus
1413 3581 1632 3643 domin
1639 3582 1754 3643 icis
1800 3591 1863 3643 et
1913 3583 1982 3644 in
2029 3583 2370 3646 dominicis
2411 3586 2732 3647 aduentus
2761 3587 2913 3649 item

503 3667 575 3731 in
606 3667 928 3731 dominica
957 3677 1210 3748 septuae,
1188 3670 1416 3729 ‹resime
1444 3677 1505 3728 et
1531 3669 1931 3747 sequentibus
1977 3691 2170 3751 vsque
2213 3672 2309 3733 ad
2328 3681 2620 3734 octauam
2657 3673 2915 3747 Pasclee,

501 3755 1030 3834 transferendum
1063 3764 1156 3816 est
1185 3764 1257 3815 vt
1299 3765 1494 3834 supra
1546 3755 1613 3816 in
1666 3756 1857 3817 tertia
1911 3757 2135 3836 regula
2182 3759 2554 3822 continetur.
2643 3759 2727 3821 In
2757 3761 2857 3822 al
2829 3783 2914 3841 Js

500 3850 718 3903 autem
778 3839 1119 3904 dominicis
1176 3851 1427 3920 semper
1480 3841 1737 3921 quando
1798 3845 1867 3904 in
1942 3843 2309 3906 calendario
2382 3846 2614 3908 incidet
2654 3847 2908 3924 festum

501 3928 732 4007 duplex
777 3929 844 3990 in
892 3928 1230 4001 dominica
1259 3927 1356 4008 fit
1396 3927 1670 4008 officium
1732 3929 1811 3992 de
1853 3930 2029 4008 sesto
2074 3931 2328 4011 duplici
2374 3954 2517 3994 cum
2577 3954 2908 3995 commem-

497 4014 786 4078 oratione
829 4015 1142 4078 domi'nzce
1186 4015 1257 4075 in
1289 4015 1593 4078 laudibus
1636 4025 1699 4077 et
1745 4017 2022 4096 vesperis
2056 4029 2180 4097 per
2224 4019 2576 4082 orationem
2608 4029 2863 4083 tantum
2887 4045 2909 4083 .-

501 4101 637 4163 nisi
654 4103 747 4164 sit
775 4102 850 4164 de
881 4102 1233 4178 dominicis,
1264 4102 1497 4182 quibus
1527 4123 1651 4163 non
1682 4103 1773 4165 sit
1800 4104 2137 4184 assignata
2168 4106 2387 4168 oratio.
2481 4108 2581 4168 lit
2604 4108 2915 4170 similiter

597 4288 613 4319 ¹
649 4290 922 4338 vnitatem.
912 4308 922 4318 ·
963 4289 1039 4351 38.
1959 4289 2242 4356 ²quoque:
2281 4293 2359 4356 63.
2388 4294 2467 4342 66.

671 4356 993 4403 varietatem:
1033 4367 1111 4416 39.
1139 4363 1231 4403 etc.
1962 4354 1983 4384 ³
2014 4358 2254 4420 contigit:
2293 4360 2369 4418 64.

594 4418 614 4449 ⁴
651 4421 875 4483 Regula:
913 4421 1024 4467 add.
1054 4433 1133 4482 43.
1164 4420 1241 4467 60.
1275 4418 1352 4467 61.
1382 4418 1461 4481 63.
1491 4419 1567 4476 64.
1594 4419 1674 4468 66.
1955 4419 1974 4449 ⁵
2008 4427 2305 4471 occurrerit:
2345 4437 2420 4485 39.
2450 4438 2528 4485 41.

591 4482 615 4515 ⁶
647 4486 942 4537 occurrerit:
981 4499 1059 4550 39.
1088 4499 1166 4547 41.
1196 4498 1276 4548 43
1306 4500 1384 4545 44.
1414 4499 1492 4546 49.
1524 4486 1600 4533 60.
1633 4489 1711 4533 61.
1743 4486 1826 4546 63.
1852 4486 1929 4546 64.
1961 4487 2038 4535 66.
