3293 5225
510 472 606 523 282
989 476 1043 524 S.
1082 474 1596 524 ALEXANDER:
1628 475 1683 524 S.
1725 474 2065 525 IOANNES
2094 473 2309 524 ANTE
2342 475 2473 525 RL.
2691 474 2854 535 [Mat.
2883 474 2933 526 6.

641 631 709 702 (I
741 626 865 726 Ad
885 639 1178 710 vesperas
1203 628 1486 709 hymnus
1512 627 1868 709 antiphona
1912 638 1976 690 et
2017 629 2243 705 oratic),
2277 637 2350 692 vt
2372 639 2575 710 supra
2608 627 2676 690 in
2691 628 2943 709 primis

515 725 807 796 vesperes.

996 832 1064 903 (Ι
1094 827 1475 891 Alexander
1484 838 1667 909 papa
1700 825 1995 906 martyr}
2085 827 2299 890 Lectio
2331 826 2446 909 .ig'j.

518 939 1025 1067 ALexander
1056 940 1270 1022 patria
1309 941 1657 1003 Romanus
1704 940 1817 1020 qui
1850 938 2135 1002 Adriani
2167 940 2588 1021 imperatoris
2634 948 2938 1022 tempore

692 1025 1152 1107 pontificatum
1185 1028 1410 1108 gessit,
1443 1028 1508 1089 in
1545 1028 1936 1090 memoriam
1986 1027 2314 1109 passionis
2347 1025 2592 1090 Christi
2626 1028 2691 1087 in
2740 1028 2936 1088 sacri-

515 1110 688 1175 fici02
707 1112 984 1177 addidit.
1076 1111 1208 1194 Qui
1236 1113 1448 1197 pridie
1469 1134 1672 1195 quam
1700 1124 2050 1196 pateretur.
2142 1113 2374 1194 Vsque
2393 1114 2478 1175 ad
2503 1112 2687 1176 illum
2714 1113 2932 1176 locum

521 1199 672 1261 Hoc
718 1210 819 1262 est
863 1221 1103 1282 corpus
1150 1221 1389 1265 meum.
1486 1201 1674 1264 Idem
1724 1203 2024 1277 instituit,
2069 1211 2142 1264 vt
2202 1220 2376 1282 aqua
2424 1200 2775 1263 benedicta
2820 1200 2937 1263 ad·

518 1288 736 1351 mixto
782 1287 919 1349 sale
951 1288 1016 1350 in
1065 1287 1332 1370 templis
1377 1297 1444 1351 et
1491 1288 1810 1352 cubiculis
1858 1288 1944 1351 ad
1993 1288 2323 1370 fugandos
2370 1286 2692 1350 demones
2738 1289 2936 1349 retin-

512 1384 747 1438 eretur.
839 1374 1068 1455 thue
1122 1377 1186 1437 in
1250 1377 1750 1438 consecratione
1812 1376 2153 1457 sanguinis
2199 1384 2268 1438 et
2328 1376 2622 1457 corporis
2689 1373 2935 1438 Christi

513 1463 743 1523 vinum
806 1481 982 1542 aqua
1044 1463 1440 1538 misceretur,
1501 1464 1585 1525 ad
1650 1461 2162 1544 significandum
2227 1461 2471 1525 Christi
2535 1472 2602 1525 et
2662 1463 2940 1523 ecclesie

509 1549 1067 1613 coniunctionem.
1162 1550 1491 1631 Panisque
1515 1551 1769 1613 azimus
1794 1570 1928 1612 non
1963 1549 2402 1611 fermentatus
2426 1557 2938 1612 consecraretur.

513 1634 687 1698 Cum
722 1646 944 1698 autem
979 1637 1513 1700 ordinationibus
1559 1646 1661 1699 ter
1692 1657 1921 1699 mense
1970 1636 2326 1699 Decembri
2358 1635 2633 1710 habitis,
2667 1635 2936 1718 presby-

514 1730 693 1784 teros
718 1744 790 1784 .v.
824 1723 1143 1785 diaconos
1174 1724 1280 1805 .iij.
1310 1726 1662 1807 episcopos
1692 1725 1987 1805 quinque
2019 1744 2138 1806 per
2167 1723 2428 1785 diuersa
2459 1721 2606 1785 loca
2636 1733 2941 1797 creasset,

516 1810 838 1889 martyrio
897 1820 1251 1873 coronatus
1325 1832 1476 1874 cum
1543 1811 1834 1874 Euentio
1908 1820 1977 1874 et
2039 1810 2398 1873 Theodoro
2472 1810 2770 1872 diaconis
2830 1811 2942 1872 via

518 1907 941 1971 nomentana,
971 1897 1080 1960 vbi
1129 1898 1514 1961 interfectus
1563 1898 1687 1961 fuit
1717 1898 1841 1979 .vij.
1876 1899 1963 1960 ab
1992 1899 2154 1960 vrbe
2187 1896 2492 1960 milliario
2539 1895 2853 1979 sepelitur
2881 1918 2941 1959 v.

515 2003 728 2044 nonas
763 1984 940 2066 Maij.
1036 1984 1224 2048 Sedit
1257 1995 1478 2048 autem
1516 2006 1727 2049 annos
1759 2007 1842 2049 .x.
1879 2005 2139 2047 menses
2170 1983 2294 2066 .vij.
2326 1983 2468 2046 dies
2501 1983 2563 2065 ij.

864 2156 932 2227 (Ι
975 2149 1277 2215 ³Ioannes
1312 2163 1463 2215 ante
1478 2162 1742 2234 portam
1774 2153 2056 2216 latinam
2088 2153 2325 2233 duplex
2352 2151 2588 2214 minus.

649 2263 773 2325 Ad
788 2275 1080 2343 vesperas
1101 2274 1165 2326 et
1186 2265 1610 2327 matutinum⁴
1634 2264 1889 2346 hymni⁵
1912 2263 2258 2346 antiphone
2280 2275 2343 2327 et
2374 2263 2831 2326 inuitatorium
2864 2261 2944 2323 de

513 2351 847 2412 communi
871 2352 1318 2430 apostolorum.

1607 2489 1853 2553 Oratio,

534 2599 812 2729 DEus
842 2601 954 2682 qui
997 2603 1344 2684 conspiciS,
1391 2603 1547 2685 quia
1581 2624 1703 2665 nos
1734 2602 2025 2684 vndique
2060 2602 2235 2665 mala
2266 2611 2492 2664 nostra
2525 2598 2933 2700 perturbant,

715 2699 935 2771 presta
964 2709 1340 2770 quesumuS,
1383 2701 1453 2753 vt
1505 2690 1682 2753 beati
1740 2691 2012 2753 Ioannis
2064 2689 2350 2772 apostoli
2405 2689 2500 2751 tui
2557 2690 2938 2750 intercessio

515 2775 806 2857 gloriosa
840 2797 962 2838 nos
994 2788 1300 2859 protegat
1328 2801 1340 2840 :
1389 2798 1504 2860 per
1534 2776 1903 2841 dominum.

1431 2945 1499 3016 (I
1539 2940 1777 3004 “Lectio
1808 2940 2021 3004 tertia.

533 3050 876 3181 IOannes
907 3053 1251 3134 apostolus
1282 3052 1747 3115 dilectissimus
1769 3052 2051 3126 Christo,
2077 3062 2227 3134 post
2252 3051 2455 3133 ipsius
2479 3050 2934 3112 ascensionem

648 3139 950 3201 maximo
1010 3141 1251 3216 studio,
1304 3142 1698 3221 magnisque
1749 3140 2080 3203 miraculis
2129 3139 2557 3201 christianam
2616 3137 2934 3219 pietatem

521 3226 934 3307 propagauit.
1029 3225 1248 3289 Huius
1307 3228 1484 3289 enim
1547 3239 1614 3289 et
1681 3228 1854 3290 Petri
1911 3226 2361 3310 predicatione
2414 3234 2565 3308 post
2617 3223 2933 3286 claudum

516 3314 854 3375 sanatum⁷
916 3312 1001 3374 ad
1064 3323 1325 3395 portam
1388 3314 1620 3396 templi
1687 3313 2071 3397 Speciosam
2136 3312 2563 3395 appellatam,
2638 3311 2936 3393 quinque

521 3398 727 3460 millia
759 3399 1105 3462 hominum
1139 3421 1271 3464 vno
1303 3402 1411 3463 die
1443 3421 1762 3464 conuersa
1795 3411 1948 3464 sunt
1979 3403 2062 3463 ad
2110 3400 2328 3464 fidem.
2424 3398 2745 3479 Idemque
2796 3397 2935 3459 duo

521 3498 671 3567 post
708 3486 1033 3569 Stephani
1067 3489 1457 3569 martyrium
1494 3489 1556 3550 in
1588 3488 1982 3564 Samariam,
2014 3508 2143 3569 que
2197 3486 2506 3569 Philippo
2549 3485 2935 3568 predicante

520 3573 928 3655 baptismum
962 3585 1326 3657 acceperat,
1358 3586 1815 3657 peruenerunt,
1848 3576 2265 3655 eandemque
2297 3575 2362 3637 in
2398 3573 2529 3636 fide
2582 3571 2932 3634 confirma-

523 3670 692 3736 runt,
753 3671 819 3723 et
869 3681 986 3743 per
1034 3662 1326 3743 ipsorum
1383 3683 1619 3725 manus
1670 3662 2163 3746 impositionem
2218 3663 2486 3744 spiritus
2538 3668 2809 3722 sanctus
2863 3659 2930 3720 in

521 3747 1009 3829 baptizatorum
1053 3749 1255 3811 corda
1304 3749 1669 3813 descendit.
1765 3749 1841 3811 In
1881 3750 2209 3812 diuisione
2258 3758 2483 3811 autem
2535 3746 2712 3809 orbis
2760 3754 2934 3807 terre

526 3834 759 3896 Ioanni
793 3835 1035 3917 obtigit
1067 3834 1234 3898 Asia
1267 3836 1625 3917 prouincia.
1718 3836 1923 3900 Cuius
1941 3836 2251 3899 ecclesias
2271 3855 2421 3897 cum
2445 3833 2934 3916 sapientissime

514 3942 560 3982 a
593 3942 661 3983 se
695 3921 1008 3985 fundatas
1040 3924 1457 3985 sanctissime
1478 3922 1949 3998 moderaretur,
1976 3934 2211 4006 captus
2237 3922 2359 3985 suit
2387 3923 2450 3984 in
2475 3920 2934 4003 persecutione

527 4008 897 4071 Domitiani
961 4010 1025 4071 in
1090 4010 1249 4072 vrbe
1312 4011 1585 4093 Epheso
1648 4011 1848 4073 Vnde
1913 4012 2203 4073 Romam
2269 4011 2614 4080 adductuS,
2675 4026 2830 4068 cum
2895 4026 2937 4067 a

516 4094 764 4159 Christi
801 4095 931 4158 fide
962 4097 1171 4159 auerti
1205 4118 1338 4159 non
1375 4107 1617 4180 posset,
1650 4098 1715 4160 in
1747 4099 1983 4160 eadem
2028 4097 2188 4159 vrbe
2241 4096 2460 4159 Roma
2512 4096 2612 4176 (vt
2666 4092 2934 4156 Tertul-

523 4181 737 4244 lianus
768 4192 868 4245 est
911 4183 1178 4265 author)
1231 4184 1297 4246 in
1350 4185 1602 4247 dolium
1661 4185 1977 4248 feruentis
2026 4183 2154 4247 olei
2208 4184 2535 4246 dimersus
2584 4190 2701 4243 est.
2795 4179 2933 4243 Sed

513 4289 670 4332 cum
707 4270 1057 4333 incolumis
1088 4270 1243 4334 inde
1274 4273 1610 4348 euasisset,
1642 4272 1974 4353 relegatus
2004 4284 2105 4334 est
2139 4273 2204 4333 in
2242 4270 2597 4333 Pathmum
2623 4267 2934 4342 insulam,

616 4405 631 4436 ¹
668 4406 748 4455 die
777 4416 817 4469 5.
850 4406 907 4453 in
931 4423 995 4455 m.
1262 4404 1285 4436 ²
1318 4407 1497 4457 missae
1520 4408 1649 4457 hoc:
1686 4410 1797 4457 add.
1828 4406 1905 4471 38.
2174 4405 2195 4435 ³
2230 4406 2328 4455 Die
2351 4405 2397 4455 6.
2428 4405 2512 4455 G:
2543 4413 2621 4468 pr.
2652 4404 2729 4465 63.
2761 4402 2841 4452 66.

615 4471 635 4502 ⁴
672 4472 982 4519 matutinas:
1018 4470 1094 4535 38.
1167 4472 1248 4521 die
1272 4470 1318 4522 6.
1350 4474 1405 4521 in
1431 4490 1497 4523 m.
1525 4486 1603 4536 43.
1633 4486 1713 4535 49.
2177 4470 2198 4501 ⁸
2230 4473 2451 4534 hymnus
2472 4486 2484 4497 ·
2518 4469 2594 4532 38.
2624 4481 2703 4532 43.

619 4535 640 4568 ⁶
674 4538 776 4586 Dic
797 4544 970 4586 sexta:
994 4547 1078 4602 pr.
1109 4549 1187 4599 39.
1217 4551 1295 4598 41.
1326 4538 1404 4587 60.
1434 4537 1513 4588 61.
1543 4538 1621 4598 64.
2173 4535 2194 4569 ⁷
2228 4548 2451 4587 senatum
2476 4554 2488 4586 :
2525 4548 2603 4596 43.
