3293 5225
462 446 558 496 232
730 432 956 482 FERJA
996 436 1070 482 ll.
1114 434 1549 483 DOMINICAE
1582 436 1768 484 XXII.
1811 435 2003 485 POST
2028 435 2595 484 PENTECOSTEN.

622 642 691 712 (Ι
713 636 844 698 Exl
875 638 1138 719 epistola
1167 637 1380 700 Pauli
1402 638 1499 700 ad
1531 638 1593 700 T
1588 638 1962 700 imotlzeum2
1994 637 2106 719 .zj.3
2192 638 2405 701 Lectio
2433 638 2727 701 secunda.

480 750 818 880 PAulus·
858 751 1203 850 apostolus
1262 752 1406 850 [esu
1462 750 1707 815 Christi
1763 772 1880 833 per
1927 751 2341 814 voluntatem
2396 750 2501 814 dei
2683 750 2874 813 mini·

614 847 852 901 strault
886 838 1063 914 mihi,
1096 847 1164 900 tu
1203 839 1439 901 melius
1472 840 1664 901 nosti.

1041 1001 1288 1062 Tertia*
1316 1000 1493 1063 lectio
1520 1002 1865 1063 secundum
1896 1003 1988 1063 M
1983 1000 2313 1063 attlzeum.²'’

552 1113 614 1175 N
672 1112 785 1174 illo
838 1124 1189 1194 tempore:
1272 1112 1617 1175 Abeuntes
1679 1114 1967 1175 Pharisei
2030 1113 2379 1176 consilium
2444 1113 2730 1176 inierunt
2808 1123 2876 1174 vt

576 1210 888 1281 caperent
928 1201 1145 1262 lesum
1181 1201 1244 1262 in
1281 1221 1601 1263 sermone.
1682 1201 1771 1262 Et
1804 1201 2098 1282 reliqua.⁰

1043 1360 1109 1430 (Ι
1142 1353 1224 1416 H
1219 1354 1443 1416 omilia
1471 1355 1687 1415 sancti
1709 1353 1981 1416 Ioannis
2008 1355 2284 1437 episcopi.

622 1467 801 1528 Mnis
892 1466 1147 1528 malitia
1251 1466 1680 1529 confunditur
1781 1466 2132 1548 aliquoties
2225 1468 2477 1529 ratione
2569 1465 2880 1539 veritati5‚

646 1554 994 1634 corrigitur
1039 1563 1263 1616 autem
1328 1573 1670 1634 nunquam
1735 1556 2033 1616 maxime
2083 1575 2309 1617 eorum
2366 1555 2478 1635 qui
2537 1553 2880 1635 proposito

470 1640 648 1703 malo
681 1652 746 1703 et
779 1661 911 1702 non
946 1641 1321 1721 ignorantia
1346 1650 1640 1723 peccant.
1720 1641 1895 1703 Ecce
1918 1641 2096 1703 enim
2123 1641 2500 1703 sacerdotes
2521 1651 2876 1722 postquam

468 1738 711 1789 terrere
745 1729 1089 1790 dominum
1140 1747 1270 1790 non
1326 1737 1685 1809 potuerunt
1738 1729 2033 1791 dicentes
2066 1729 2130 1790 in
2188 1749 2321 1810 qua
2377 1737 2706 1810 potestate
2760 1727 2879 1787 hec

468 1814 629 1877 sacis
660 1839 672 1876 ε
724 1825 1076 1896 postquam
1114 1814 1578 1896 parabolarum
1614 1816 1870 1877 ratione
1916 1816 2251 1877 constricti
2283 1812 2432 1878 sub7
2466 1815 2710 1877 iudicio
2759 1813 2879 1896 ipsi

468 1923 540 1964 se
592 1922 737 1963 reos
795 1902 1105 1977 fecerunt,
1156 1901 1452 1964 dicentes
1506 1901 1726 1963 Malos
1778 1902 1952 1964 male
2001 1901 2280 1984 perdet:
2330 1903 2593 1964 nemine
2653 1911 2881 1963 contra

470 2010 585 2051 eos
635 1989 899 2051 dicente
948 1989 1403 2050 testimonium
1468 1990 1591 2050 nisi
1642 1990 2048 2051 conscientia
2097 1989 2255 2052 sola.
2379 1988 2697 2070 Nunquid
2748 2008 2879 2048 non

471 2076 872 2157 compunxit
904 2096 1018 2137 eos
1051 2077 1251 2137 timor
1283 2077 1535 2157 peccati
1562 2081 1587 2137 ?
1636 2077 1934 2157 nunquid
1969 2096 2103 2138 non
2152 2077 2586 2158 compescuit⁸
2616 2095 2730 2138 eos
2780 2073 2880 2136 vel

475 2163 798 2226 libertatis
861 2163 1353 2225 consideratio?
1475 2162 1610 2226 Sed
1662 2163 1876 2244 quid?
1997 2162 2342 2238 Abiorum,
2403 2173 2469 2226 et
2534 2162 2880 2225 consilium

473 2259 874 2331 acceperunt
928 2259 1000 2311 vt
1052 2270 1204 2312 eum
1257 2259 1569 2331 caperent
1631 2250 1696 2311 in
1760 2270 2081 2313 sermone.
2193 2249 2783 2332 Quemadmodum
2833 2250 2882 2309 si

476 2337 714 2419 aliquis
747 2337 1052 2399 claudere
1084 2336 1365 2399 voluerit
1396 2338 1717 2399 currentis
1748 2357 1920 2418 aque
1964 2346 2275 2413 meatum,
2308 2340 2360 2400 si
2394 2357 2524 2400 vna
2577 2358 2666 2400 ex
2702 2344 2886 2419 parte

477 2424 701 2486 clausa
735 2423 929 2486 fuerit
962 2444 1133 2505 aque
1166 2424 1516 2486 violentia:
1562 2424 1831 2486 aliunde
1863 2424 1986 2486 sibi
2034 2425 2339 2486 semitam
2393 2426 2657 2506 rumpit.
2779 2423 2886 2485 Sic

478 2523 544 2573 et
593 2531 820 2573 eorum
880 2511 1261 2592 malignitas
1314 2532 1402 2573 ex
1452 2532 1584 2573 vna
1640 2522 1826 2592 parte
1876 2511 2152 2574 confusa
2200 2511 2402 2574 alium
2458 2512 2580 2574 sibi
2630 2511 2885 2573 aditum

480 2599 840 2662 adinuenit.
964 2597 1151 2662 Sicut
1212 2599 1388 2661 enim
1452 2619 1585 2660 non
1665 2607 1884 2681 potest
1945 2598 2082 2662 fieri
2158 2607 2229 2661 vt
2303 2597 2486 2681 ligna
2564 2598 2890 2661 mittendo

479 2688 842 2767 extinguas
898 2687 1169 2767 ignem:
1239 2688 1331 2748 sic
1386 2685 1523 2748 fieri
1580 2707 1712 2749 non
1767 2696 1986 2767 potest
2045 2696 2115 2749 vt
2170 2687 2491 2749 rationem
2550 2686 2890 2748 reddendo

483 2773 705 2856 places
760 2774 1101 2836 hominem
1155 2773 1421 2837 malum.
1544 2774 1633 2835 Et
1684 2775 1852 2835 sicut
1910 2775 2080 2855 ignis
2142 2783 2395 2855 quanto
2452 2774 2665 2855 magis
2712 2773 2892 2853 ligna

484 2861 845 2943 susceperit
902 2862 965 2921 in
1029 2860 1347 2923 maiorem
1410 2860 1751 2923 flammam
1813 2862 2120 2943 erigitur:
2198 2862 2291 2923 sic
2353 2862 2614 2923 animus
2680 2859 2893 2922 malus

484 2959 739 3029 quanto
805 2948 1016 3031 magis
1075 2948 1421 3011 veritatem
1484 2947 1782 3021 audierit,
1842 2958 2033 3010 tanto
2093 2948 2378 3029 amplius
2441 2950 2505 3010 in
2570 2948 2890 3010 malitiam

486 3036 834 3097 excitatur.
957 3033 1284 3097 Abierunt
1375 3056 1533 3117 ergo
1622 3046 1689 3096 et
1779 3035 2127 3097 consilium
2205 3046 2621 3117 acceperunt.
2742 3034 2895 3116 Quo

486 3123 790 3185 abierunt
814 3127 841 3182 ?
886 3123 971 3184 ad
1011 3122 1476 3185 Herodianos:
1528 3122 1705 3184 Nam
1738 3142 1826 3184 ex
1858 3143 1940 3185 eo
1981 3124 2160 3203 quod
2199 3142 2328 3184 non
2362 3122 2522 3184 dicit
2569 3121 2893 3184 consiliati

486 3219 642 3271 sunt
718 3209 833 3271 sed
910 3208 1257 3271 consilium
1334 3219 1749 3291 acceperunt,
1823 3231 1912 3271 ex
1989 3231 2069 3272 eo
2144 3209 2324 3292 quod
2410 3210 2653 3291 pariter
2744 3228 2893 3271 cum

495 3295 897 3358 Herodianis
971 3305 1357 3358 venerunt:
1447 3305 1727 3378 apparet
1802 3296 1981 3376 quod
2059 3317 2211 3359 cum
2296 3296 2422 3358 illis
2517 3295 2894 3358 huiusmodi

486 3383 1070 3445 circumuentionis
1101 3383 1447 3445 consilium
1482 3382 1975 3446 tractauerunt.⁹

1585 3536 1829 3601 Oratio,

507 3647 787 3777 DEus
849 3647 1172 3731 refugium
1237 3660 1552 3723 nostrum,
1598 3659 1667 3711 et
1711 3650 1934 3725 virtus,
1979 3648 2214 3711 adesto
2274 3648 2402 3729 pijs
2457 3648 2730 3711 ecclesie
2791 3658 2905 3711 tue

675 3734 979 3816 precibus
1039 3735 1281 3798 author
1340 3736 1479 3817 ipse
1534 3736 1799 3818 pietatis
1854 3747 1920 3797 et
1977 3745 2215 3817 presta,
2263 3746 2335 3799 vt
2385 3735 2567 3818 quod
2622 3735 2907 3798 fideliter

492 3822 799 3905 petimuS,
830 3820 1185 3885 efficaciter
1214 3843 1737 3903 consequamur:
1785 3844 1900 3905 per
1931 3823 2296 3886 dominum.

870 3981 936 4051 (Ι
968 3976 1167 4039 Feria
1196 3976 1282 4058 .τ]’.
1314 3998 1393 4039 ex
1417 3987 1649 4058 quarto
1679 3975 2005 4059 Regum.lo
2092 3977 2306 4040 Lectio
2313 3978 2557 4059 prima.

651 4089 789 4150 Ixit
852 4099 1078 4151 autem
1145 4088 1444 4151 Eliseus:
1524 4089 1777 4152 Audite
1839 4090 2114 4152 verbum
2193 4090 2446 4153 domini
2683 4090 2907 4153 venite

674 4196 921 4249 eamuS,
953 4185 1021 4238 et
1056 4177 1434 4239 nuntiemus
1469 4177 1533 4237 in
1570 4176 1720 4239 aula
1756 4178 1944 4259 regis,

595 4315 608 4344 ¹
646 4333 737 4364 om.
768 4330 847 4377 49.
877 4316 956 4377 63.
986 4316 1063 4364 66.
1782 4314 1806 4345 ²
1839 4316 1926 4365 Ca.
1957 4334 2014 4364 m
2041 4334 2103 4366 m.
2135 4317 2187 4376 [i.
2225 4317 2382 4377 1-18].
2457 4333 2566 4382 oap.
2603 4331 2620 4365 1
2651 4318 2796 4365 inm.
2827 4332 2907 4377 44.

592 4380 613 4409 ²³
657 4383 794 4429 Thus
816 4382 919 4429 also
942 4381 1019 4444 38.
1049 4382 1130 4445 c.j.
1163 4398 1220 4429 ιη
1248 4399 1309 4430 m.
1341 4394 1417 4443 39.
1447 4391 1539 4431 etc.
1615 4381 1684 4445 ij.
1721 4398 1812 4429 om.
1843 4381 1923 4430 61.
1953 4382 2032 4443 64.

594 4446 613 4475 ⁴
648 4448 722 4511 ij:
756 4448 835 4509 63.
866 4447 944 4495 66.
1320 4446 1462 4497 508.
1494 4460 1555 4496 22
1581 4447 1637 4494 in
1663 4464 1728 4495 m.
2049 4446 2071 4475 ‘⁵
2102 4465 2194 4495 om.
2224 4448 2302 4496 66.
2616 4446 2637 4478 ⁷
2670 4464 2790 4498 suo:
2827 4448 2908 4510 63.

593 4511 615 4541 ⁸
648 4512 1098 4578 compsecui1266.
1314 4511 1336 4542 ⁹
1368 4513 1442 4562 Te
1465 4513 1650 4562 deum:
1688 4514 1798 4561 add.
1827 4512 1889 4560 6
1863 4544 1906 4574 3
2048 4511 2085 4541 ¹⁰
2120 4514 2208 4563 Ca.
2239 4524 2284 4573 7.
2315 4514 2372 4561 in
2397 4530 2461 4561 m.
2491 4513 2597 4574 [vii.
2635 4514 2770 4575 1-9.]
