3293 5225
812 463 1041 512 FERJA
1078 463 1154 511 ll.
1194 461 1332 510 POS
1338 462 1388 510 T
1411 460 1708 510 DOMINI
1707 460 1795 510 CA
1801 460 1871 509 M
1904 460 1955 509 T
1949 459 2124 509 RlNl
2126 460 2177 509 T
2169 461 2216 508 A
2231 460 2358 509 TIS.
2697 470 2788 522 173

510 619 765 680 Prestet
818 617 943 679 hoc
995 615 1186 678 nobis
1239 615 1453 678 deitas
1508 614 1708 677 beata
1760 612 1988 689 Patris,
2049 633 2126 676 ac
2188 613 2347 689 nati,
2409 613 2789 696 pariterque

376 705 585 768 sancti
622 704 910 785 Spiritus
938 726 951 767 z
999 703 1183 765 cuius
1217 702 1445 765 reboat
1479 702 1544 764 in
1577 701 1760 763 omni
1796 700 2021 763 Gloria
2054 700 2322 767 mundo,
2416 700 2657 763 Amen.

504 866 899 948 Antz'plzona.
991 861 1277 928 Seruire¹
1309 862 1585 927 domino
1619 863 1683 925 in
1740 863 1996 938 timore,
2051 872 2118 926 et
2172 861 2474 926 exultate
2522 862 2583 925 ei
2635 882 2787 925 cum

375 963 675 1017 tremore.

1028 1069 1094 1139 (Ι
1140 1062 1253 1126 Ex
1286 1060 1560 1125 Genesz'.²
1649 1061 1861 1124 Lectio
1877 1061 2122 1142 prima.

547 1177 644 1240 Ec
705 1186 861 1239 sunt
921 1185 1145 1238 autem
1213 1174 1483 1237 nomina
1544 1172 1828 1236 filiorum
1895 1172 2098 1236 Israel
2248 1171 2507 1237 Omnes
2568 1172 2793 1236 anime

587 1263 828 1349 domus
920 1262 1123 1325 Iacob
1213 1281 1343 1342 que
1435 1261 1727 1342 ingresse
1802 1270 1955 1322 sunt
2031 1260 2096 1322 in
2171 1259 2537 1343 Egyptum,
2613 1259 2793 1323 fuere

377 1351 819 1436 septuaginta.

914 1493 980 1563 (Ι
1025 1486 1137 1548 Ex
1162 1487 1325 1547 actis
1353 1483 1825 1566 apostolorum.³
1916 1484 2128 1547 Lectio
2160 1485 2244 1565 ‚ist

529 1600 871 1663 Dueniens
930 1607 1155 1661 autem
1218 1597 1522 1680 princeps
1598 1596 2017 1659 sacerdotum
2254 1597 2793 1681 euangelizantes

573 1688 793 1749 Iesum
829 1684 1183 1749 Christum.

507 1779 573 1849 (Ι
624 1773 679 1836 S
681 1773 713 1833 i
734 1771 920 1835 lzoa'ie
950 1793 1074 1834 non
1089 1771 1186 1853 fit
1213 1770 1486 1852 officium
1519 1770 1596 1832 a'e
1624 1771 1841 1851 aliquo
1871 1780 2085 1833 sancto
2115 1770 2470 1834 omittenda
2488 1780 2583 1833 est
2599 1770 2796 1834 tertia

376 1861 553 1923 lectio
583 1881 911 1922 occurrens
941 1860 1011 1922 in
1043 1857 1407 1921 calendario
1439 1879 1516 1920 ex
1563 1857 1859 1938 epistolis,
1913 1867 1978 1920 et
2021 1858 2147 1920 loco
2197 1858 2337 1920 eius
2385 1857 2655 1921 dicenda
2703 1867 2798 1920 est

375 1968 653 2029 sequenS,
702 1967 820 2028 que
864 1954 957 2008 est
1003 1946 1080 2007 a'e
1132 1945 1455 2007 dominica
1489 1945 1871 2026 precedenti,
1923 1954 1988 2007 et
2037 1966 2161 2007 non
2196 1945 2419 2027 potuit
2470 1944 2568 2008 ibi
2607 1945 2796 2027 poni*

361 2045 624 2115 propter
653 2033 926 2117 officium
960 2033 1296 2096 trinitatis,

964 2199 1029 2269 (Ι
1088 2194 1309 2256 Tertia
1338 2192 1515 2255 lectio
1543 2193 1888 2255 secundum
1921 2192 2211 2257 Lucam.⁵

466 2310 526 2372 N
592 2308 706 2370 illo
759 2317 1097 2389 tempore:
1164 2306 1361 2367 Dixit
1412 2305 1598 2368 Iesus
1645 2304 1985 2387 discipulis
2031 2306 2184 2369 suiS.
2277 2306 2514 2370 Estote
2548 2306 2794 2369 miseri-

492 2396 722 2459 cordes
756 2395 925 2457 sicut
959 2403 1025 2457 et
1060 2402 1245 2475 pater
1278 2401 1495 2455 vester
1528 2393 1898 2454 misericors
1931 2403 2047 2455 est.
2140 2393 2233 2455 Et
2266 2393 2531 2474 reliqua.

900 2566 965 2637 (Ι
1013 2559 1097 2624 H
1090 2511 1363 2642 oinelia†
1393 2559 1611 2623 sancti
1633 2558 1697 2621 A
1709 2558 2013 2641 agustini
2036 2558 2316 2642 episcopi.

397 2675 789 2803 INtendite
851 2674 1080 2736 fratres
1142 2675 1355 2754 ipsam
1414 2672 1932 2733 misericordiam
1989 2680 2054 2734 et
2109 2670 2442 2736 iudicium.
2538 2674 2794 2737 Miseri-

492 2763 714 2826 cordie
773 2770 1040 2841 tempus
1103 2759 1306 2822 modo
1358 2768 1497 2822 est:
1567 2758 1788 2839 iudicij
1846 2767 2070 2821 autem
2134 2769 2399 2842 tempus
2455 2770 2608 2842 post
2655 2762 2795 2824 erit.

384 2850 584 2912 Vnde
647 2857 746 2911 est
802 2868 976 2910 nunc
1040 2845 1486 2909 misericordie
1547 2850 1861 2926 tempus?
1953 2845 2171 2909 Vocat
2223 2848 2426 2909 modo
2478 2867 2793 2910 auersos:

384 2938 591 3000 donat
653 2945 927 3018 peccata
986 2933 1366 2997 conuersis:
1432 2933 1694 3013 patiens
1744 2942 1846 2995 est
1900 2952 2097 3014 super
2145 2943 2524 3014 peccatores
2579 2935 2793 2997 donec

383 3033 870 3087 conuertautur.
961 3021 1515 3104 Quandocunque
1562 3019 1860 3081 conuersi
1910 3019 2149 3082 fuerint
2181 3022 2494 3102 preterita
2525 3020 2793 3084 obliuis-

385 3113 588 3175 citur:
638 3110 859 3173 futura
907 3109 1249 3189 promittit.
1347 3107 1676 3168 Hortatur
1724 3107 1991 3187 pigros:
2047 3106 2427 3170 consolatur
2471 3107 2794 3171 afflictos:

384 3198 581 3261 docet
612 3197 963 3271 studiosos
994 3195 1270 3257 adiuuat
1302 3193 1711 3268 dimicanteS,
1744 3194 2077 3256 nerninem
2111 3195 2356 3257 deserit
2380 3193 2793 3259 laborantem

384 3295 450 3347 et
499 3285 899 3347 clamantem
949 3284 1033 3345 ad
1085 3302 1171 3344 se.
1265 3281 1494 3343 Donat
1543 3282 1718 3343 vnde
1763 3280 1886 3342 sibi
1934 3280 2350 3357 sacrificetur,
2382 3283 2522 3363 ipse
2567 3281 2797 3346 tribuit

385 3372 558 3435 vnde
594 3367 930 3453 placetur.⁶

1172 3494 1238 3564 (Ι
1283 3487 1410 3549 Aa'
1431 3487 1658 3549 laudes
1685 3486 2054 3567 antiphona.

525 3604 809 3667 lubilate
840 3603 969 3664 deo
1001 3601 1218 3663 omnis
1251 3610 1443 3674 terra,
1475 3608 1760 3674 cantate,
1792 3606 1861 3661 et
1891 3598 2210 3675 exultate,
2241 3608 2309 3663 et
2341 3602 2618 3683 psallite.

1470 3744 1716 3811 Oratio.

404 3863 679 3993 DEus
727 3862 791 3923 in
826 3870 892 3922 te
924 3858 1335 3941 sperantium
1372 3856 1708 3930 fortitudO,
1739 3856 1973 3919 adesto
2007 3859 2330 3940 propitius
2362 3860 2795 3923 inuocationi-

567 3950 689 4013 bus
736 3948 1014 4010 nostris:
1061 3956 1127 4010 et
1169 3946 1323 4025 quia
1355 3945 1496 4009 sine
1528 3954 1592 4007 te
1627 3943 1787 4006 nihil
1823 3954 2043 4026 potest
2076 3947 2374 4007 mortalis
2405 3946 2798 4010 infirmitas:

390 4046 610 4120 presta
663 4034 989 4098 auxilium
1040 4033 1249 4115 gratie
1300 4042 1429 4107 tue,
1470 4042 1541 4093 vt
1588 4032 1652 4092 in
1701 4033 2112 4111 exequendis
2165 4032 2498 4096 mandatis
2547 4036 2696 4111 ταῖς,
2727 4044 2795 4097 et

390 4125 734 4187 voluntate
768 4122 905 4196 tibi,
936 4131 1002 4183 et
1034 4120 1295 4182 actione
1331 4118 1753 4199 placeamus:
1805 4118 1947 4179 Per.

520 4216 586 4286 (Ι
631 4209 775 4272 Hcc
817 4209 1038 4282 orati,o
1067 4227 1186 4289 que
1229 4215 1323 4268 est
1363 4206 1442 4267 a'e
1485 4205 1809 4267 dominica
1838 4205 2216 4285 precedenti
2247 4206 2491 4269 dicitur
2524 4205 2710 4270 lzodie
2738 4218 2802 4271 et

393 4298 637 4361 duobus
657 4293 1062 4377 sequentibus
1090 4292 1311 4356 diebus
1339 4313 1396 4353 st
1393 4291 1549 4374 fiat
1578 4290 1850 4372 officium
1883 4292 1959 4354 de
1967 4292 2174 4371 ferta

488 4451 510 4547 1
542 4452 753 4502 semite:
791 4449 873 4513 38.
898 4460 993 4502 etc.
1370 4443 1392 4540 Ξ
1425 4446 1562 4507 [xlvi.
1588 4444 1761 4521 8-370]
1808 4481 1812 4484 >
2183 4445 2305 4541 ἓ.[ν
2336 4446 2448 4495 21b.
2457 4460 2602 4508 -42.
2611 4448 2630 4509 ]

534 4527 692 4582 ponc:
729 4531 808 4577 44.
1423 4512 1548 4577 Cap.
1578 4511 1626 4562 6.
1658 4528 1713 4558 m
1738 4527 1808 4562 m.
2183 4508 2311 4561 ⁶Te
2336 4513 2516 4562 deum.
2552 4513 2662 4562 add.
2692 4510 2772 4575 63.
