<?xml version="1.0" encoding="UTF-8"?>
<!DOCTYPE html PUBLIC "-//W3C//DTD XHTML 1.0 Transitional//EN"
    "http://www.w3.org/TR/xhtml1/DTD/xhtml1-transitional.dtd">
<html xmlns="http://www.w3.org/1999/xhtml" xml:lang="en" lang="en">
 <head>
  <title>
</title>
<meta http-equiv="Content-Type" content="text/html;charset=utf-8" />
  <meta name='ocr-system' content='tesseract 3.04.00' />
  <meta name='ocr-capabilities' content='ocr_page ocr_carea ocr_par ocr_line ocrx_word'/>
</head>
<body>
  <div class='ocr_page' id='page_1' title='image "./secondrecension00legggoog_0330.png"; bbox 0 0 3293 5225; ppageno 0'>
   <div class='ocr_carea' id='block_1_1' title="bbox 574 429 2986 499">
    <p class='ocr_par' dir='ltr' id='par_1_1' title="bbox 574 429 2986 499">
     <span class='ocr_line' id='line_1_1' title="bbox 574 429 2986 499; baseline -0.002 -15"><span class='ocrx_word' id='word_1_1' title='bbox 574 434 671 499; x_wconf 76' lang='lat'>256</span> <span class='ocrx_word' id='word_1_2' title='bbox 1263 432 1687 483; x_wconf 85' lang='lat' dir='ltr'><em>CONVERSIO</em></span> <span class='ocrx_word' id='word_1_3' title='bbox 1730 431 2009 481; x_wconf 83' lang='lat' dir='ltr'>SANCTI</span> <span class='ocrx_word' id='word_1_4' title='bbox 2051 432 2144 480; x_wconf 81' lang='grc' dir='ltr'>ΡΑ</span> <span class='ocrx_word' id='word_1_5' title='bbox 2158 432 2297 482; x_wconf 83' lang='lat' dir='ltr'><em>ULI.</em></span> <span class='ocrx_word' id='word_1_6' title='bbox 2729 429 2875 491; x_wconf 75' lang='lat' dir='ltr'><strong>[IAN.</strong></span> <span class='ocrx_word' id='word_1_7' title='bbox 2905 439 2986 493; x_wconf 79' lang='lat'>25.</span> 
     </span>
    </p>
   </div>
   <div class='ocr_carea' id='block_1_2' title="bbox 584 581 2988 757">
    <p class='ocr_par' dir='ltr' id='par_1_2' title="bbox 584 581 2988 757">
     <span class='ocr_line' id='line_1_2' title="bbox 707 581 2988 668; baseline -0.003 -17"><span class='ocrx_word' id='word_1_8' title='bbox 707 586 1102 668; x_wconf 77' lang='lat' dir='ltr'>Antiphona.</span> <span class='ocrx_word' id='word_1_9' title='bbox 1197 586 1363 648; x_wconf 92' lang='lat' dir='ltr'><strong>Mihi</strong></span> <span class='ocrx_word' id='word_1_10' title='bbox 1398 587 1616 649; x_wconf 88' lang='lat' dir='ltr'>viuere</span> <span class='ocrx_word' id='word_1_11' title='bbox 1651 585 1951 650; x_wconf 89' lang='lat' dir='ltr'>Christus</span> <span class='ocrx_word' id='word_1_12' title='bbox 1982 595 2100 660; x_wconf 86' lang='lat' dir='ltr'>est,</span> <span class='ocrx_word' id='word_1_13' title='bbox 2132 595 2199 647; x_wconf 90' lang='lat' dir='ltr'>et</span> <span class='ocrx_word' id='word_1_14' title='bbox 2221 583 2385 646; x_wconf 89' lang='lat' dir='ltr'>mori</span> <span class='ocrx_word' id='word_1_15' title='bbox 2417 583 2691 660; x_wconf 88' lang='lat' dir='ltr'>lucrum,</span> <span class='ocrx_word' id='word_1_16' title='bbox 2725 581 2988 666; x_wconf 89' lang='lat' dir='ltr'>gloriari</span> 
     </span>
     <span class='ocr_line' id='line_1_3' title="bbox 584 671 2346 757; baseline -0.003 -18"><span class='ocrx_word' id='word_1_17' title='bbox 584 673 715 739; x_wconf 85' lang='lat' dir='ltr'>me1</span> <span class='ocrx_word' id='word_1_18' title='bbox 746 684 1012 757; x_wconf 84' lang='lat' dir='ltr'>oportet</span> <span class='ocrx_word' id='word_1_19' title='bbox 1044 675 1108 736; x_wconf 93' lang='lat' dir='ltr'>in</span> <span class='ocrx_word' id='word_1_20' title='bbox 1144 694 1337 736; x_wconf 93' lang='lat' dir='ltr'>cruce</span> <span class='ocrx_word' id='word_1_21' title='bbox 1368 673 1622 736; x_wconf 90' lang='lat' dir='ltr'>domini</span> <span class='ocrx_word' id='word_1_22' title='bbox 1658 674 1861 736; x_wconf 83' lang='lat' dir='ltr'>nostri</span> <span class='ocrx_word' id='word_1_23' title='bbox 1899 672 2051 735; x_wconf 91' lang='lat' dir='ltr'>Iesu</span> <span class='ocrx_word' id='word_1_24' title='bbox 2088 671 2346 736; x_wconf 89' lang='lat' dir='ltr'>Christi.</span> 
     </span>
    </p>
   </div>
   <div class='ocr_carea' id='block_1_3' title="bbox 1559 872 2025 955">
    <p class='ocr_par' dir='ltr' id='par_1_3' title="bbox 1559 872 2025 955">
     <span class='ocr_line' id='line_1_4' title="bbox 1559 872 2025 955; baseline 0.004 -20"><span class='ocrx_word' id='word_1_25' title='bbox 1559 878 1627 949; x_wconf 70' lang='lat' dir='ltr'>(I</span> <span class='ocrx_word' id='word_1_26' title='bbox 1671 872 1882 935; x_wconf 82' lang='lat' dir='ltr'><em>Lectio</em></span> <span class='ocrx_word' id='word_1_27' title='bbox 1910 873 2025 955; x_wconf 63' lang='lat'>‚2&#39;4&#39;72</span> 
     </span>
    </p>
   </div>
   <div class='ocr_carea' id='block_1_4' title="bbox 581 996 3001 3435">
    <p class='ocr_par' dir='ltr' id='par_1_4' title="bbox 703 996 2995 1082">
     <span class='ocr_line' id='line_1_5' title="bbox 703 996 2995 1082; baseline -0.002 -19"><span class='ocrx_word' id='word_1_28' title='bbox 703 1001 938 1076; x_wconf 81' lang='lat' dir='ltr'>AuluS,</span> <span class='ocrx_word' id='word_1_29' title='bbox 1027 1000 1139 1082; x_wconf 93' lang='lat' dir='ltr'>qui</span> <span class='ocrx_word' id='word_1_30' title='bbox 1231 1009 1429 1061; x_wconf 91' lang='lat' dir='ltr'>antea</span> <span class='ocrx_word' id='word_1_31' title='bbox 1509 997 1767 1074; x_wconf 83' lang='lat' dir='ltr'>SauluS,</span> <span class='ocrx_word' id='word_1_32' title='bbox 1831 998 2110 1062; x_wconf 87' lang='lat' dir='ltr'>Giscalis</span> <span class='ocrx_word' id='word_1_33' title='bbox 2186 997 2436 1080; x_wconf 93' lang='lat' dir='ltr'>oppido</span> <span class='ocrx_word' id='word_1_34' title='bbox 2533 996 2736 1060; x_wconf 90' lang='lat' dir='ltr'>Iudee</span> <span class='ocrx_word' id='word_1_35' title='bbox 2811 1007 2995 1060; x_wconf 88' lang='lat' dir='ltr'>ortus</span> 
     </span>
    </p>

    <p class='ocr_par' dir='ltr' id='par_1_5' title="bbox 581 1085 3001 3435">
     <span class='ocr_line' id='line_1_6' title="bbox 733 1085 2993 1168; baseline -0.002 -17"><span class='ocrx_word' id='word_1_36' title='bbox 733 1088 1082 1151; x_wconf 84' lang='lat' dir='ltr'>Beniamin</span> <span class='ocrx_word' id='word_1_37' title='bbox 1160 1107 1199 1149; x_wconf 91' lang='lat' dir='ltr'>a</span> <span class='ocrx_word' id='word_1_38' title='bbox 1274 1086 1463 1158; x_wconf 85' lang='lat' dir='ltr'>tribu,</span> <span class='ocrx_word' id='word_1_39' title='bbox 1527 1086 1741 1168; x_wconf 88' lang='lat' dir='ltr'>patria</span> <span class='ocrx_word' id='word_1_40' title='bbox 1816 1107 1855 1147; x_wconf 92' lang='lat' dir='ltr'>a</span> <span class='ocrx_word' id='word_1_41' title='bbox 1919 1086 2243 1149; x_wconf 90' lang='lat' dir='ltr'>Romanis</span> <span class='ocrx_word' id='word_1_42' title='bbox 2320 1085 2494 1147; x_wconf 91' lang='lat' dir='ltr'>bello</span> <span class='ocrx_word' id='word_1_43' title='bbox 2569 1095 2766 1166; x_wconf 87' lang='lat' dir='ltr'>capta</span> <span class='ocrx_word' id='word_1_44' title='bbox 2841 1104 2993 1146; x_wconf 89' lang='lat' dir='ltr'>cum</span> 
     </span>
     <span class='ocr_line' id='line_1_7' title="bbox 584 1172 2995 1260; baseline -0.002 -22"><span class='ocrx_word' id='word_1_45' title='bbox 584 1177 965 1260; x_wconf 88' lang='lat' dir='ltr'>parentibus</span> <span class='ocrx_word' id='word_1_46' title='bbox 1008 1175 1313 1249; x_wconf 87' lang='lat' dir='ltr'>Tarsum,</span> <span class='ocrx_word' id='word_1_47' title='bbox 1343 1192 1472 1254; x_wconf 88' lang='lat' dir='ltr'>que</span> <span class='ocrx_word' id='word_1_48' title='bbox 1517 1172 1745 1235; x_wconf 90' lang='lat' dir='ltr'>Cilicie</span> <span class='ocrx_word' id='word_1_49' title='bbox 1776 1182 1895 1248; x_wconf 88' lang='lat' dir='ltr'>est,</span> <span class='ocrx_word' id='word_1_50' title='bbox 1931 1174 2256 1254; x_wconf 81' lang='lat' dir='ltr'>migrauit,</span> <span class='ocrx_word' id='word_1_51' title='bbox 2350 1173 2521 1234; x_wconf 81' lang='lat' dir='ltr'>Mox</span> <span class='ocrx_word' id='word_1_52' title='bbox 2570 1172 2995 1252; x_wconf 80' lang='lat' dir='ltr'>[erosolymis</span> 
     </span>
     <span class='ocr_line' id='line_1_8' title="bbox 581 1258 2993 1347; baseline -0.002 -21"><span class='ocrx_word' id='word_1_53' title='bbox 581 1262 841 1347; x_wconf 69' lang='lat' dir='ltr'>operas2</span> <span class='ocrx_word' id='word_1_54' title='bbox 893 1261 1079 1324; x_wconf 86' lang='lat' dir='ltr'>dedit</span> <span class='ocrx_word' id='word_1_55' title='bbox 1142 1260 1491 1324; x_wconf 87' lang='lat' dir='ltr'>Gamalieli</span> <span class='ocrx_word' id='word_1_56' title='bbox 1560 1260 1879 1340; x_wconf 88' lang='lat' dir='ltr'>Mosayce</span> <span class='ocrx_word' id='word_1_57' title='bbox 1932 1259 2096 1342; x_wconf 85' lang='lat' dir='ltr'>legis</span> <span class='ocrx_word' id='word_1_58' title='bbox 2160 1260 2572 1342; x_wconf 76' lang='lat' dir='ltr'>peritissimo</span> <span class='ocrx_word' id='word_1_59' title='bbox 2669 1258 2993 1340; x_wconf 87' lang='lat' dir='ltr'>Stephani</span> 
     </span>
     <span class='ocr_line' id='line_1_9' title="bbox 585 1345 2995 1430; baseline -0.002 -17"><span class='ocrx_word' id='word_1_60' title='bbox 585 1350 900 1430; x_wconf 84' lang='lat' dir='ltr'>martyrio</span> <span class='ocrx_word' id='word_1_61' title='bbox 954 1348 1267 1423; x_wconf 89' lang='lat' dir='ltr'>interfuit,</span> <span class='ocrx_word' id='word_1_62' title='bbox 1316 1348 1739 1428; x_wconf 87' lang='lat' dir='ltr'>acceptisque</span> <span class='ocrx_word' id='word_1_63' title='bbox 1785 1367 1825 1408; x_wconf 89' lang='lat' dir='ltr'>a</span> <span class='ocrx_word' id='word_1_64' title='bbox 1880 1345 2235 1409; x_wconf 82' lang='lat' dir='ltr'>iudeorum</span> <span class='ocrx_word' id='word_1_65' title='bbox 2288 1345 2600 1429; x_wconf 78' lang='lat' dir='ltr'>pontifice</span> <span class='ocrx_word' id='word_1_66' title='bbox 2647 1345 2871 1420; x_wconf 78' lang='lat' dir='ltr'>literiS,</span> <span class='ocrx_word' id='word_1_67' title='bbox 2923 1355 2995 1407; x_wconf 92' lang='lat' dir='ltr'>vt</span> 
     </span>
     <span class='ocr_line' id='line_1_10' title="bbox 583 1432 2992 1519; baseline -0.003 -18"><span class='ocrx_word' id='word_1_68' title='bbox 583 1458 696 1501; x_wconf 87' lang='lat' dir='ltr'>eos</span> <span class='ocrx_word' id='word_1_69' title='bbox 732 1437 909 1499; x_wconf 87' lang='lat' dir='ltr'>velut</span> <span class='ocrx_word' id='word_1_70' title='bbox 941 1437 1180 1519; x_wconf 90' lang='lat' dir='ltr'>impios</span> <span class='ocrx_word' id='word_1_71' title='bbox 1213 1436 1644 1496; x_wconf 82' lang='lat' dir='ltr'>insectaretur</span> <span class='ocrx_word' id='word_1_72' title='bbox 1676 1435 1788 1516; x_wconf 90' lang='lat' dir='ltr'>qui</span> <span class='ocrx_word' id='word_1_73' title='bbox 1823 1433 2160 1497; x_wconf 89' lang='lat' dir='ltr'>Christum</span> <span class='ocrx_word' id='word_1_74' title='bbox 2192 1434 2612 1497; x_wconf 87' lang='lat' dir='ltr'>Nazarenum</span> <span class='ocrx_word' id='word_1_75' title='bbox 2646 1432 2751 1495; x_wconf 93' lang='lat' dir='ltr'>dei</span> <span class='ocrx_word' id='word_1_76' title='bbox 2787 1432 2992 1496; x_wconf 88' lang='lat' dir='ltr'>filium</span> 
     </span>
     <span class='ocr_line' id='line_1_11' title="bbox 583 1520 2993 1604; baseline -0.002 -17"><span class='ocrx_word' id='word_1_77' title='bbox 583 1533 949 1588; x_wconf 81' lang='lat' dir='ltr'>assererent</span> <span class='ocrx_word' id='word_1_78' title='bbox 1007 1547 1019 1584; x_wconf 93' lang='lat'><strong>:</strong></span> <span class='ocrx_word' id='word_1_79' title='bbox 1074 1543 1279 1604; x_wconf 91' lang='lat' dir='ltr'>quum</span> <span class='ocrx_word' id='word_1_80' title='bbox 1348 1522 1755 1583; x_wconf 88' lang='lat' dir='ltr'>Damascum</span> <span class='ocrx_word' id='word_1_81' title='bbox 1820 1532 2137 1603; x_wconf 87' lang='lat' dir='ltr'>pergeret,</span> <span class='ocrx_word' id='word_1_82' title='bbox 2196 1521 2417 1584; x_wconf 88' lang='lat' dir='ltr'>subita</span> <span class='ocrx_word' id='word_1_83' title='bbox 2479 1522 2593 1584; x_wconf 81' lang='lat' dir='ltr'>lux</span> <span class='ocrx_word' id='word_1_84' title='bbox 2656 1520 2868 1583; x_wconf 90' lang='lat' dir='ltr'>obiter</span> <span class='ocrx_word' id='word_1_85' title='bbox 2928 1520 2993 1581; x_wconf 91' lang='lat' dir='ltr'>in</span> 
     </span>
     <span class='ocr_line' id='line_1_12' title="bbox 584 1606 2997 1694; baseline -0.002 -20"><span class='ocrx_word' id='word_1_86' title='bbox 584 1613 871 1694; x_wconf 91' lang='lat' dir='ltr'>speciem</span> <span class='ocrx_word' id='word_1_87' title='bbox 917 1609 1191 1690; x_wconf 88' lang='lat' dir='ltr'>fulguris</span> <span class='ocrx_word' id='word_1_88' title='bbox 1236 1629 1388 1670; x_wconf 89' lang='lat' dir='ltr'>eum</span> <span class='ocrx_word' id='word_1_89' title='bbox 1422 1608 1794 1689; x_wconf 89' lang='lat' dir='ltr'>occupauit,</span> <span class='ocrx_word' id='word_1_90' title='bbox 1836 1606 1921 1669; x_wconf 89' lang='lat' dir='ltr'>ad</span> <span class='ocrx_word' id='word_1_91' title='bbox 1970 1618 2347 1688; x_wconf 87' lang='lat' dir='ltr'>terramque</span> <span class='ocrx_word' id='word_1_92' title='bbox 2384 1629 2637 1690; x_wconf 85' lang='lat' dir='ltr'>pauore</span> <span class='ocrx_word' id='word_1_93' title='bbox 2682 1607 2997 1682; x_wconf 80' lang='lat' dir='ltr'>deiectuS,</span> 
     </span>
     <span class='ocr_line' id='line_1_13' title="bbox 585 1694 2997 1776; baseline -0.003 -15"><span class='ocrx_word' id='word_1_94' title='bbox 585 1719 818 1761; x_wconf 89' lang='lat' dir='ltr'>vocem</span> <span class='ocrx_word' id='word_1_95' title='bbox 910 1698 1166 1760; x_wconf 90' lang='lat' dir='ltr'>audiuit</span> <span class='ocrx_word' id='word_1_96' title='bbox 1258 1696 1438 1757; x_wconf 87' lang='lat' dir='ltr'>velut</span> <span class='ocrx_word' id='word_1_97' title='bbox 1529 1696 1950 1776; x_wconf 78' lang='lat' dir='ltr'>increpantiS,</span> <span class='ocrx_word' id='word_1_98' title='bbox 2029 1694 2247 1770; x_wconf 86' lang='lat' dir='ltr'>Saule,</span> <span class='ocrx_word' id='word_1_99' title='bbox 2325 1694 2543 1770; x_wconf 86' lang='lat' dir='ltr'>Saule,</span> <span class='ocrx_word' id='word_1_100' title='bbox 2636 1694 2796 1776; x_wconf 89' lang='lat' dir='ltr'>quid</span> <span class='ocrx_word' id='word_1_101' title='bbox 2888 1714 2997 1755; x_wconf 89' lang='lat' dir='ltr'>me</span> 
     </span>
     <span class='ocr_line' id='line_1_14' title="bbox 588 1781 2995 1868; baseline -0.002 -22"><span class='ocrx_word' id='word_1_102' title='bbox 588 1786 1043 1868; x_wconf 87' lang='lat' dir='ltr'>persequeris?</span> <span class='ocrx_word' id='word_1_103' title='bbox 1141 1782 1261 1845; x_wconf 93' lang='lat' dir='ltr'>Ille</span> <span class='ocrx_word' id='word_1_104' title='bbox 1315 1794 1596 1864; x_wconf 91' lang='lat' dir='ltr'>torpore,</span> <span class='ocrx_word' id='word_1_105' title='bbox 1628 1792 1696 1844; x_wconf 94' lang='lat' dir='ltr'>et</span> <span class='ocrx_word' id='word_1_106' title='bbox 1752 1791 1935 1843; x_wconf 92' lang='lat' dir='ltr'>metu</span> <span class='ocrx_word' id='word_1_107' title='bbox 1994 1803 2271 1864; x_wconf 80' lang='lat' dir='ltr'>pressuS,</span> <span class='ocrx_word' id='word_1_108' title='bbox 2337 1781 2504 1864; x_wconf 82' lang='lat' dir='ltr'>Quis</span> <span class='ocrx_word' id='word_1_109' title='bbox 2553 1782 2825 1863; x_wconf 90' lang='lat' dir='ltr'>(inquit)</span> <span class='ocrx_word' id='word_1_110' title='bbox 2878 1786 2995 1842; x_wconf 85' lang='lat' dir='ltr'>es?</span> 
     </span>
     <span class='ocr_line' id='line_1_15' title="bbox 587 1869 2995 1951; baseline -0.002 -16"><span class='ocrx_word' id='word_1_111' title='bbox 587 1874 723 1935; x_wconf 91' lang='lat' dir='ltr'>Vbi</span> <span class='ocrx_word' id='word_1_112' title='bbox 783 1892 941 1933; x_wconf 89' lang='lat' dir='ltr'>vero</span> <span class='ocrx_word' id='word_1_113' title='bbox 1009 1871 1225 1933; x_wconf 83' lang='lat' dir='ltr'>lesum</span> <span class='ocrx_word' id='word_1_114' title='bbox 1287 1890 1430 1930; x_wconf 90' lang='lat' dir='ltr'>esse</span> <span class='ocrx_word' id='word_1_115' title='bbox 1496 1870 1919 1931; x_wconf 89' lang='lat' dir='ltr'>Nazarenum</span> <span class='ocrx_word' id='word_1_116' title='bbox 1970 1869 2242 1943; x_wconf 88' lang='lat' dir='ltr'>audiuit,</span> <span class='ocrx_word' id='word_1_117' title='bbox 2302 1870 2487 1932; x_wconf 91' lang='lat' dir='ltr'>cuius</span> <span class='ocrx_word' id='word_1_118' title='bbox 2548 1870 2689 1951; x_wconf 90' lang='lat' dir='ltr'>ipse</span> <span class='ocrx_word' id='word_1_119' title='bbox 2751 1888 2995 1930; x_wconf 89' lang='lat' dir='ltr'>nomen</span> 
     </span>
     <span class='ocr_line' id='line_1_16' title="bbox 586 1954 2996 2038; baseline -0.002 -16"><span class='ocrx_word' id='word_1_120' title='bbox 586 1960 1036 2033; x_wconf 89' lang='lat' dir='ltr'>insectaretur,</span> <span class='ocrx_word' id='word_1_121' title='bbox 1095 1958 1315 2019; x_wconf 90' lang='lat' dir='ltr'>subita</span> <span class='ocrx_word' id='word_1_122' title='bbox 1378 1955 1694 2037; x_wconf 86' lang='lat' dir='ltr'>religione</span> <span class='ocrx_word' id='word_1_123' title='bbox 1753 1966 1969 2018; x_wconf 87' lang='lat' dir='ltr'>tactus</span> <span class='ocrx_word' id='word_1_124' title='bbox 2028 1955 2535 2019; x_wconf 81' lang='lat' dir='ltr'>venerabundus</span> <span class='ocrx_word' id='word_1_125' title='bbox 2582 1955 2793 2038; x_wconf 90' lang='lat' dir='ltr'>petijt,</span> <span class='ocrx_word' id='word_1_126' title='bbox 2837 1954 2996 2036; x_wconf 92' lang='lat' dir='ltr'>quid</span> 
     </span>
     <span class='ocr_line' id='line_1_17' title="bbox 589 2043 2998 2126; baseline -0.002 -17"><span class='ocrx_word' id='word_1_127' title='bbox 589 2047 840 2109; x_wconf 89' lang='lat' dir='ltr'>iuberet</span> <span class='ocrx_word' id='word_1_128' title='bbox 887 2066 956 2107; x_wconf 91' lang='lat' dir='ltr'>se</span> <span class='ocrx_word' id='word_1_129' title='bbox 1004 2044 1233 2107; x_wconf 88' lang='lat' dir='ltr'>facere.</span> <span class='ocrx_word' id='word_1_130' title='bbox 1332 2045 1637 2126; x_wconf 89' lang='lat' dir='ltr'>Pergeret</span> <span class='ocrx_word' id='word_1_131' title='bbox 1693 2064 1890 2124; x_wconf 91' lang='lat' dir='ltr'>porro</span> <span class='ocrx_word' id='word_1_132' title='bbox 1951 2044 2041 2104; x_wconf 88' lang='lat' dir='ltr'>ire</span> <span class='ocrx_word' id='word_1_133' title='bbox 2104 2063 2492 2125; x_wconf 89' lang='lat' dir='ltr'>responsum</span> <span class='ocrx_word' id='word_1_134' title='bbox 2555 2054 2654 2105; x_wconf 87' lang='lat' dir='ltr'>est</span> <span class='ocrx_word' id='word_1_135' title='bbox 2692 2070 2706 2105; x_wconf 77' lang='lat'>2</span> <span class='ocrx_word' id='word_1_136' title='bbox 2739 2043 2894 2118; x_wconf 89' lang='lat' dir='ltr'>fore,</span> <span class='ocrx_word' id='word_1_137' title='bbox 2925 2051 2998 2105; x_wconf 85' lang='lat' dir='ltr'>vt</span> 
     </span>
     <span class='ocr_line' id='line_1_18' title="bbox 586 2130 3000 2215; baseline -0.002 -20"><span class='ocrx_word' id='word_1_138' title='bbox 586 2154 792 2215; x_wconf 86' lang='lat' dir='ltr'>quum</span> <span class='ocrx_word' id='word_1_139' title='bbox 857 2132 1266 2194; x_wconf 87' lang='lat' dir='ltr'>Damascum</span> <span class='ocrx_word' id='word_1_140' title='bbox 1330 2132 1634 2205; x_wconf 81' lang='lat' dir='ltr'>venisset,</span> <span class='ocrx_word' id='word_1_141' title='bbox 1665 2130 1751 2191; x_wconf 92' lang='lat' dir='ltr'>ibi</span> <span class='ocrx_word' id='word_1_142' title='bbox 1815 2131 2090 2206; x_wconf 89' lang='lat' dir='ltr'>audiret,</span> <span class='ocrx_word' id='word_1_143' title='bbox 2121 2130 2279 2212; x_wconf 90' lang='lat' dir='ltr'>quid</span> <span class='ocrx_word' id='word_1_144' title='bbox 2342 2130 2520 2193; x_wconf 90' lang='lat' dir='ltr'>facto</span> <span class='ocrx_word' id='word_1_145' title='bbox 2580 2150 2749 2212; x_wconf 86' lang='lat' dir='ltr'>opus</span> <span class='ocrx_word' id='word_1_146' title='bbox 2810 2138 3000 2191; x_wconf 87' lang='lat' dir='ltr'>esset.</span> 
     </span>
     <span class='ocr_line' id='line_1_19' title="bbox 590 2217 2998 2293; baseline -0.004 -8"><span class='ocrx_word' id='word_1_147' title='bbox 590 2220 877 2285; x_wconf 86' lang='lat' dir='ltr'>Stabant</span> <span class='ocrx_word' id='word_1_148' title='bbox 925 2220 1064 2281; x_wconf 84' lang='lat' dir='ltr'>eius</span> <span class='ocrx_word' id='word_1_149' title='bbox 1096 2219 1372 2280; x_wconf 87' lang='lat' dir='ltr'>comites</span> <span class='ocrx_word' id='word_1_150' title='bbox 1406 2217 1724 2279; x_wconf 88' lang='lat' dir='ltr'>miraculo</span> <span class='ocrx_word' id='word_1_151' title='bbox 1774 2219 1862 2279; x_wconf 91' lang='lat' dir='ltr'>rei</span> <span class='ocrx_word' id='word_1_152' title='bbox 1911 2219 2195 2293; x_wconf 87' lang='lat' dir='ltr'>attoniti,</span> <span class='ocrx_word' id='word_1_153' title='bbox 2249 2227 2540 2280; x_wconf 89' lang='lat' dir='ltr'>ceterum</span> <span class='ocrx_word' id='word_1_154' title='bbox 2599 2217 2876 2280; x_wconf 88' lang='lat' dir='ltr'>Saulum</span> <span class='ocrx_word' id='word_1_155' title='bbox 2928 2236 2998 2276; x_wconf 90' lang='lat' dir='ltr'>se</span> 
     </span>
     <span class='ocr_line' id='line_1_20' title="bbox 588 2302 3000 2388; baseline -0.002 -19"><span class='ocrx_word' id='word_1_156' title='bbox 588 2328 742 2388; x_wconf 84' lang='lat' dir='ltr'>egre</span> <span class='ocrx_word' id='word_1_157' title='bbox 804 2306 1195 2369; x_wconf 90' lang='lat' dir='ltr'>attolentem</span> <span class='ocrx_word' id='word_1_158' title='bbox 1275 2325 1390 2386; x_wconf 91' lang='lat' dir='ltr'>per</span> <span class='ocrx_word' id='word_1_159' title='bbox 1467 2324 1703 2366; x_wconf 89' lang='lat' dir='ltr'>manus</span> <span class='ocrx_word' id='word_1_160' title='bbox 1780 2305 1844 2365; x_wconf 93' lang='lat' dir='ltr'>in</span> <span class='ocrx_word' id='word_1_161' title='bbox 1907 2305 2133 2366; x_wconf 89' lang='lat' dir='ltr'>vrbem</span> <span class='ocrx_word' id='word_1_162' title='bbox 2197 2304 2553 2368; x_wconf 87' lang='lat' dir='ltr'>deducunt.</span> <span class='ocrx_word' id='word_1_163' title='bbox 2676 2304 2831 2367; x_wconf 88' lang='lat' dir='ltr'>Fuit</span> <span class='ocrx_word' id='word_1_164' title='bbox 2892 2302 3000 2364; x_wconf 92' lang='lat' dir='ltr'>ille</span> 
     </span>
     <span class='ocr_line' id='line_1_21' title="bbox 586 2389 3001 2458; baseline -0.003 -1"><span class='ocrx_word' id='word_1_165' title='bbox 586 2394 878 2458; x_wconf 89' lang='lat' dir='ltr'>triduum</span> <span class='ocrx_word' id='word_1_166' title='bbox 933 2392 1248 2455; x_wconf 87' lang='lat' dir='ltr'>Damasci</span> <span class='ocrx_word' id='word_1_167' title='bbox 1304 2391 1462 2453; x_wconf 91' lang='lat' dir='ltr'>nihil</span> <span class='ocrx_word' id='word_1_168' title='bbox 1517 2390 1766 2454; x_wconf 79' lang='lat' dir='ltr'>videns,</span> <span class='ocrx_word' id='word_1_169' title='bbox 1858 2390 2160 2454; x_wconf 88' lang='lat' dir='ltr'>Occurrit</span> <span class='ocrx_word' id='word_1_170' title='bbox 2211 2391 2365 2454; x_wconf 90' lang='lat' dir='ltr'>illuc</span> <span class='ocrx_word' id='word_1_171' title='bbox 2420 2391 2724 2454; x_wconf 88' lang='lat' dir='ltr'>Ananias</span> <span class='ocrx_word' id='word_1_172' title='bbox 2778 2389 3001 2453; x_wconf 91' lang='lat' dir='ltr'>celesti</span> 
     </span>
     <span class='ocr_line' id='line_1_22' title="bbox 588 2476 2995 2561; baseline -0.002 -17"><span class='ocrx_word' id='word_1_173' title='bbox 588 2481 856 2544; x_wconf 89' lang='lat' dir='ltr'>oraculo</span> <span class='ocrx_word' id='word_1_174' title='bbox 889 2480 1121 2555; x_wconf 81' lang='lat' dir='ltr'>iussuS,</span> <span class='ocrx_word' id='word_1_175' title='bbox 1167 2478 1251 2541; x_wconf 91' lang='lat' dir='ltr'>ad</span> <span class='ocrx_word' id='word_1_176' title='bbox 1284 2499 1435 2540; x_wconf 92' lang='lat' dir='ltr'>eum</span> <span class='ocrx_word' id='word_1_177' title='bbox 1473 2478 1564 2540; x_wconf 90' lang='lat' dir='ltr'>ire</span> <span class='ocrx_word' id='word_1_178' title='bbox 1609 2479 1780 2559; x_wconf 87' lang='lat' dir='ltr'>(erat</span> <span class='ocrx_word' id='word_1_179' title='bbox 1813 2479 1866 2538; x_wconf 89' lang='lat' dir='ltr'>is</span> <span class='ocrx_word' id='word_1_180' title='bbox 1898 2499 2065 2540; x_wconf 90' lang='lat' dir='ltr'>vnus</span> <span class='ocrx_word' id='word_1_181' title='bbox 2097 2499 2184 2540; x_wconf 87' lang='lat' dir='ltr'>ex</span> <span class='ocrx_word' id='word_1_182' title='bbox 2235 2478 2477 2542; x_wconf 87' lang='lat' dir='ltr'>Christi</span> <span class='ocrx_word' id='word_1_183' title='bbox 2511 2478 2881 2561; x_wconf 90' lang='lat' dir='ltr'>discipulis)</span> <span class='ocrx_word' id='word_1_184' title='bbox 2911 2476 2995 2539; x_wconf 93' lang='lat' dir='ltr'>ad</span> 
     </span>
     <span class='ocr_line' id='line_1_23' title="bbox 591 2564 2999 2646; baseline -0.002 -15"><span class='ocrx_word' id='word_1_185' title='bbox 591 2570 775 2632; x_wconf 87' lang='lat' dir='ltr'>cuius</span> <span class='ocrx_word' id='word_1_186' title='bbox 829 2587 1166 2630; x_wconf 86' lang='lat' dir='ltr'>accessum</span> <span class='ocrx_word' id='word_1_187' title='bbox 1216 2565 1588 2629; x_wconf 84' lang='lat' dir='ltr'>confestiml</span> <span class='ocrx_word' id='word_1_188' title='bbox 1639 2585 1733 2628; x_wconf 83' lang='lat' dir='ltr'>ux</span> <span class='ocrx_word' id='word_1_189' title='bbox 1791 2564 1997 2630; x_wconf 89' lang='lat' dir='ltr'>Saulo</span> <span class='ocrx_word' id='word_1_190' title='bbox 2047 2567 2347 2629; x_wconf 89' lang='lat' dir='ltr'>restituta</span> <span class='ocrx_word' id='word_1_191' title='bbox 2396 2579 2515 2629; x_wconf 90' lang='lat' dir='ltr'>est.</span> <span class='ocrx_word' id='word_1_192' title='bbox 2610 2565 2999 2646; x_wconf 86' lang='lat' dir='ltr'>Doctusque</span> 
     </span>
     <span class='ocr_line' id='line_1_24' title="bbox 587 2652 2999 2736; baseline -0.002 -18"><span class='ocrx_word' id='word_1_193' title='bbox 587 2657 675 2719; x_wconf 92' lang='lat' dir='ltr'>ab</span> <span class='ocrx_word' id='word_1_194' title='bbox 708 2656 834 2731; x_wconf 86' lang='lat' dir='ltr'>illo,</span> <span class='ocrx_word' id='word_1_195' title='bbox 868 2656 1044 2736; x_wconf 92' lang='lat' dir='ltr'>quod</span> <span class='ocrx_word' id='word_1_196' title='bbox 1079 2675 1118 2716; x_wconf 89' lang='lat' dir='ltr'>a</span> <span class='ocrx_word' id='word_1_197' title='bbox 1149 2654 1277 2716; x_wconf 87' lang='lat' dir='ltr'>deo</span> <span class='ocrx_word' id='word_1_198' title='bbox 1319 2654 1575 2736; x_wconf 91' lang='lat' dir='ltr'>optimo</span> <span class='ocrx_word' id='word_1_199' title='bbox 1607 2654 1908 2715; x_wconf 84' lang='lat' dir='ltr'>maximo</span> <span class='ocrx_word' id='word_1_200' title='bbox 1952 2653 2181 2716; x_wconf 72' lang='lat' dir='ltr'>lectus³</span> <span class='ocrx_word' id='word_1_201' title='bbox 2212 2662 2386 2716; x_wconf 90' lang='lat' dir='ltr'>esset</span> <span class='ocrx_word' id='word_1_202' title='bbox 2431 2655 2516 2716; x_wconf 92' lang='lat' dir='ltr'>ad</span> <span class='ocrx_word' id='word_1_203' title='bbox 2553 2652 2999 2716; x_wconf 89' lang='lat' dir='ltr'>Christianum</span> 
     </span>
     <span class='ocr_line' id='line_1_25' title="bbox 588 2739 2994 2825; baseline -0.002 -20"><span class='ocrx_word' id='word_1_204' title='bbox 588 2744 837 2825; x_wconf 89' lang='lat' dir='ltr'>dogma</span> <span class='ocrx_word' id='word_1_205' title='bbox 891 2742 1417 2824; x_wconf 88' lang='lat' dir='ltr'>propagandum,</span> <span class='ocrx_word' id='word_1_206' title='bbox 1450 2742 1677 2822; x_wconf 88' lang='lat' dir='ltr'>paucis</span> <span class='ocrx_word' id='word_1_207' title='bbox 1730 2739 1964 2802; x_wconf 86' lang='lat' dir='ltr'>diebus</span> <span class='ocrx_word' id='word_1_208' title='bbox 2013 2742 2251 2821; x_wconf 91' lang='lat' dir='ltr'>quibus</span> <span class='ocrx_word' id='word_1_209' title='bbox 2307 2741 2623 2803; x_wconf 88' lang='lat' dir='ltr'>Damasci</span> <span class='ocrx_word' id='word_1_210' title='bbox 2674 2741 2798 2803; x_wconf 90' lang='lat' dir='ltr'>fuit</span> <span class='ocrx_word' id='word_1_211' title='bbox 2844 2760 2994 2802; x_wconf 89' lang='lat' dir='ltr'>cum</span> 
     </span>
     <span class='ocr_line' id='line_1_26' title="bbox 588 2825 2999 2912; baseline -0.002 -20"><span class='ocrx_word' id='word_1_212' title='bbox 588 2829 926 2912; x_wconf 90' lang='lat' dir='ltr'>discipulis</span> <span class='ocrx_word' id='word_1_213' title='bbox 957 2828 1292 2891; x_wconf 90' lang='lat' dir='ltr'>humiliter</span> <span class='ocrx_word' id='word_1_214' title='bbox 1338 2838 1633 2889; x_wconf 85' lang='lat' dir='ltr'>versatus</span> <span class='ocrx_word' id='word_1_215' title='bbox 1668 2825 2136 2909; x_wconf 88' lang='lat' dir='ltr'>Christumque</span> <span class='ocrx_word' id='word_1_216' title='bbox 2185 2829 2604 2890; x_wconf 89' lang='lat' dir='ltr'>Nazarenum</span> <span class='ocrx_word' id='word_1_217' title='bbox 2640 2829 2745 2891; x_wconf 92' lang='lat' dir='ltr'>dei</span> <span class='ocrx_word' id='word_1_218' title='bbox 2794 2826 2999 2889; x_wconf 89' lang='lat' dir='ltr'>filium</span> 
     </span>
     <span class='ocr_line' id='line_1_27' title="bbox 588 2914 2997 2990; baseline -0.002 -10"><span class='ocrx_word' id='word_1_219' title='bbox 588 2938 876 2980; x_wconf 87' lang='lat' dir='ltr'>asserere</span> <span class='ocrx_word' id='word_1_220' title='bbox 906 2936 1203 2990; x_wconf 83' lang='lat' dir='ltr'>exorsuS,</span> <span class='ocrx_word' id='word_1_221' title='bbox 1250 2914 1596 2976; x_wconf 81' lang='lat' dir='ltr'>confestim</span> <span class='ocrx_word' id='word_1_222' title='bbox 1632 2915 1698 2975; x_wconf 93' lang='lat' dir='ltr'>in</span> <span class='ocrx_word' id='word_1_223' title='bbox 1732 2935 1801 2975; x_wconf 92' lang='lat' dir='ltr'>se</span> <span class='ocrx_word' id='word_1_224' title='bbox 1847 2917 2145 2977; x_wconf 89' lang='lat' dir='ltr'>omnium</span> <span class='ocrx_word' id='word_1_225' title='bbox 2194 2915 2419 2977; x_wconf 87' lang='lat' dir='ltr'>oculos</span> <span class='ocrx_word' id='word_1_226' title='bbox 2466 2917 2679 2979; x_wconf 85' lang='lat' dir='ltr'>vertit.</span> <span class='ocrx_word' id='word_1_227' title='bbox 2774 2915 2997 2977; x_wconf 89' lang='lat' dir='ltr'>Mirari</span> 
     </span>
     <span class='ocr_line' id='line_1_28' title="bbox 586 3001 3000 3076; baseline -0.002 -10"><span class='ocrx_word' id='word_1_228' title='bbox 586 3005 873 3067; x_wconf 86' lang='lat' dir='ltr'>subitam</span> <span class='ocrx_word' id='word_1_229' title='bbox 939 3005 1001 3064; x_wconf 91' lang='lat' dir='ltr'>in</span> <span class='ocrx_word' id='word_1_230' title='bbox 1066 3003 1332 3064; x_wconf 90' lang='lat' dir='ltr'>homine</span> <span class='ocrx_word' id='word_1_231' title='bbox 1394 3001 1832 3063; x_wconf 89' lang='lat' dir='ltr'>mutationem</span> <span class='ocrx_word' id='word_1_232' title='bbox 1902 3001 2087 3063; x_wconf 91' lang='lat' dir='ltr'>Iudei</span> <span class='ocrx_word' id='word_1_233' title='bbox 2156 3025 2169 3064; x_wconf 75' lang='grc' dir='ltr'>ε</span> <span class='ocrx_word' id='word_1_234' title='bbox 2231 3003 2449 3063; x_wconf 91' lang='lat' dir='ltr'>mirari</span> <span class='ocrx_word' id='word_1_235' title='bbox 2509 3004 2638 3064; x_wconf 88' lang='lat' dir='ltr'>vim</span> <span class='ocrx_word' id='word_1_236' title='bbox 2719 3001 3000 3076; x_wconf 90' lang='lat' dir='ltr'>dicendi,</span> 
     </span>
     <span class='ocr_line' id='line_1_29' title="bbox 588 3087 3000 3172; baseline -0.002 -18"><span class='ocrx_word' id='word_1_237' title='bbox 588 3091 1251 3172; x_wconf 87' lang='lat' dir='ltr'>extemporalemque</span> <span class='ocrx_word' id='word_1_238' title='bbox 1342 3087 1726 3150; x_wconf 89' lang='lat' dir='ltr'>facultatem</span> <span class='ocrx_word' id='word_1_239' title='bbox 1797 3111 1811 3150; x_wconf 71' lang='grc' dir='ltr'>ε</span> <span class='ocrx_word' id='word_1_240' title='bbox 1889 3109 2008 3151; x_wconf 91' lang='lat' dir='ltr'>nec</span> <span class='ocrx_word' id='word_1_241' title='bbox 2085 3100 2226 3151; x_wconf 90' lang='lat' dir='ltr'>erat</span> <span class='ocrx_word' id='word_1_242' title='bbox 2302 3090 2367 3151; x_wconf 88' lang='lat' dir='ltr'>in</span> <span class='ocrx_word' id='word_1_243' title='bbox 2444 3110 2809 3171; x_wconf 88' lang='lat' dir='ltr'>synagoga,</span> <span class='ocrx_word' id='word_1_244' title='bbox 2887 3089 3000 3171; x_wconf 89' lang='lat' dir='ltr'>qui</span> 
     </span>
     <span class='ocr_line' id='line_1_30' title="bbox 589 3176 2998 3259; baseline -0.002 -18"><span class='ocrx_word' id='word_1_245' title='bbox 589 3178 957 3259; x_wconf 86' lang='lat' dir='ltr'>disputanti</span> <span class='ocrx_word' id='word_1_246' title='bbox 990 3176 1082 3238; x_wconf 88' lang='lat' dir='ltr'>illi</span> <span class='ocrx_word' id='word_1_247' title='bbox 1118 3177 1461 3243; x_wconf 86' lang='lat' dir='ltr'>resisteret,</span> <span class='ocrx_word' id='word_1_248' title='bbox 1495 3184 1842 3256; x_wconf 88' lang='lat' dir='ltr'>acceperat</span> <span class='ocrx_word' id='word_1_249' title='bbox 1875 3176 2052 3237; x_wconf 90' lang='lat' dir='ltr'>enim</span> <span class='ocrx_word' id='word_1_250' title='bbox 2086 3177 2392 3257; x_wconf 90' lang='lat' dir='ltr'>spiritum</span> <span class='ocrx_word' id='word_1_251' title='bbox 2414 3186 2737 3240; x_wconf 88' lang='lat' dir='ltr'>sanctum.</span> <span class='ocrx_word' id='word_1_252' title='bbox 2832 3177 2998 3238; x_wconf 82' lang='lat' dir='ltr'>Mox</span> 
     </span>
     <span class='ocr_line' id='line_1_31' title="bbox 593 3262 2999 3346; baseline -0.001 -19"><span class='ocrx_word' id='word_1_253' title='bbox 593 3265 930 3327; x_wconf 88' lang='lat' dir='ltr'>Damasco</span> <span class='ocrx_word' id='word_1_254' title='bbox 977 3263 1328 3345; x_wconf 82' lang='lat' dir='ltr'>profectuS,</span> <span class='ocrx_word' id='word_1_255' title='bbox 1391 3262 1634 3326; x_wconf 91' lang='lat' dir='ltr'>Christi</span> <span class='ocrx_word' id='word_1_256' title='bbox 1685 3282 1927 3324; x_wconf 90' lang='lat' dir='ltr'>nomen</span> <span class='ocrx_word' id='word_1_257' title='bbox 1979 3262 2176 3346; x_wconf 89' lang='lat' dir='ltr'>longe</span> <span class='ocrx_word' id='word_1_258' title='bbox 2223 3264 2489 3344; x_wconf 87' lang='lat' dir='ltr'>lateque</span> <span class='ocrx_word' id='word_1_259' title='bbox 2550 3264 2999 3345; x_wconf 89' lang='lat' dir='ltr'>predicatione</span> 
     </span>
     <span class='ocr_line' id='line_1_32' title="bbox 591 3352 1003 3435; baseline -0.002 -21"><span class='ocrx_word' id='word_1_260' title='bbox 591 3352 1003 3435; x_wconf 85' lang='lat' dir='ltr'>propagauit.</span> 
     </span>
    </p>
   </div>
   <div class='ocr_carea' id='block_1_5' title="bbox 1545 3526 2051 3600">
    <p class='ocr_par' dir='ltr' id='par_1_6' title="bbox 1545 3526 2051 3600">
     <span class='ocr_line' id='line_1_33' title="bbox 1545 3526 2051 3600; baseline 0.006 -14"><span class='ocrx_word' id='word_1_261' title='bbox 1545 3531 1611 3600; x_wconf 70' lang='grc' dir='ltr'>(Ι</span> <span class='ocrx_word' id='word_1_262' title='bbox 1658 3526 1781 3587; x_wconf 80' lang='lat' dir='ltr'>Ad</span> <span class='ocrx_word' id='word_1_263' title='bbox 1813 3526 2051 3590; x_wconf 77' lang='lat' dir='ltr'>laudes,</span> 
     </span>
    </p>
   </div>
   <div class='ocr_carea' id='block_1_6' title="bbox 592 3649 3004 3803">
    <p class='ocr_par' dir='ltr' id='par_1_7' title="bbox 592 3649 3004 3803">
     <span class='ocr_line' id='line_1_34' title="bbox 721 3649 3004 3733; baseline 0.002 -19"><span class='ocrx_word' id='word_1_264' title='bbox 721 3650 1116 3732; x_wconf 82' lang='lat' dir='ltr'>Antz&#39;plzona.</span> <span class='ocrx_word' id='word_1_265' title='bbox 1231 3649 1547 3712; x_wconf 89' lang='lat' dir='ltr'>Libenter</span> <span class='ocrx_word' id='word_1_266' title='bbox 1594 3649 1927 3731; x_wconf 89' lang='lat' dir='ltr'>gloriabor</span> <span class='ocrx_word' id='word_1_267' title='bbox 1982 3652 2047 3713; x_wconf 92' lang='lat' dir='ltr'>in</span> <span class='ocrx_word' id='word_1_268' title='bbox 2121 3652 2614 3717; x_wconf 87' lang='lat' dir='ltr'>infirmitatibus</span> <span class='ocrx_word' id='word_1_269' title='bbox 2683 3656 2866 3733; x_wconf 89' lang='lat' dir='ltr'>meis,</span> <span class='ocrx_word' id='word_1_270' title='bbox 2932 3666 3004 3719; x_wconf 81' lang='lat' dir='ltr'>vt</span> 
     </span>
     <span class='ocr_line' id='line_1_35' title="bbox 592 3736 1701 3803; baseline -0.003 0"><span class='ocrx_word' id='word_1_271' title='bbox 592 3740 917 3803; x_wconf 89' lang='lat' dir='ltr'>inhabitet</span> <span class='ocrx_word' id='word_1_272' title='bbox 951 3740 1015 3800; x_wconf 89' lang='lat' dir='ltr'>in</span> <span class='ocrx_word' id='word_1_273' title='bbox 1051 3759 1157 3801; x_wconf 90' lang='lat' dir='ltr'>me</span> <span class='ocrx_word' id='word_1_274' title='bbox 1188 3738 1395 3799; x_wconf 88' lang='lat' dir='ltr'>virtus</span> <span class='ocrx_word' id='word_1_275' title='bbox 1439 3736 1701 3800; x_wconf 88' lang='lat' dir='ltr'>Christi.</span> 
     </span>
    </p>
   </div>
   <div class='ocr_carea' id='block_1_7' title="bbox 1518 3937 2081 4020">
    <p class='ocr_par' dir='ltr' id='par_1_8' title="bbox 1518 3937 2081 4020">
     <span class='ocr_line' id='line_1_36' title="bbox 1518 3937 2081 4020; baseline 0.009 -22"><span class='ocrx_word' id='word_1_276' title='bbox 1518 3943 1586 4012; x_wconf 60' lang='grc' dir='ltr'>(ἶ</span> <span class='ocrx_word' id='word_1_277' title='bbox 1628 3937 1754 3999; x_wconf 81' lang='lat' dir='ltr'>Ad</span> <span class='ocrx_word' id='word_1_278' title='bbox 1774 3950 2081 4020; x_wconf 82' lang='lat' dir='ltr'>vesperas.</span> 
     </span>
    </p>
   </div>
   <div class='ocr_carea' id='block_1_8' title="bbox 590 4063 3008 4328">
    <p class='ocr_par' dir='ltr' id='par_1_9' title="bbox 590 4063 3008 4328">
     <span class='ocr_line' id='line_1_37' title="bbox 721 4063 2052 4145; baseline -0.001 -17"><span class='ocrx_word' id='word_1_279' title='bbox 721 4064 1048 4145; x_wconf 79' lang='lat' dir='ltr'>IIymnus,</span> <span class='ocrx_word' id='word_1_280' title='bbox 1140 4063 1397 4125; x_wconf 92' lang='lat' dir='ltr'>Doctor</span> <span class='ocrx_word' id='word_1_281' title='bbox 1427 4063 1691 4143; x_wconf 88' lang='lat' dir='ltr'>egregie</span> <span class='ocrx_word' id='word_1_282' title='bbox 1736 4073 1809 4125; x_wconf 84' lang='lat' dir='ltr'>vt</span> <span class='ocrx_word' id='word_1_283' title='bbox 1835 4076 2052 4144; x_wconf 85' lang='lat' dir='ltr'>supra.</span> 
     </span>
     <span class='ocr_line' id='line_1_38' title="bbox 722 4149 3008 4236; baseline 0.003 -21"><span class='ocrx_word' id='word_1_284' title='bbox 722 4151 1119 4232; x_wconf 79' lang='lat' dir='ltr'>Antiplzona.</span> <span class='ocrx_word' id='word_1_285' title='bbox 1211 4149 1457 4213; x_wconf 88' lang='lat' dir='ltr'>Sancte</span> <span class='ocrx_word' id='word_1_286' title='bbox 1513 4149 1717 4212; x_wconf 88' lang='lat' dir='ltr'>Paule</span> <span class='ocrx_word' id='word_1_287' title='bbox 1778 4152 2095 4233; x_wconf 91' lang='lat' dir='ltr'>apostole,</span> <span class='ocrx_word' id='word_1_288' title='bbox 2150 4155 2524 4236; x_wconf 89' lang='lat' dir='ltr'>predicator</span> <span class='ocrx_word' id='word_1_289' title='bbox 2574 4158 2887 4235; x_wconf 79' lang='lat' dir='ltr'>veritatis,</span> <span class='ocrx_word' id='word_1_290' title='bbox 2940 4170 3008 4223; x_wconf 90' lang='lat' dir='ltr'>et</span> 
     </span>
     <span class='ocr_line' id='line_1_39' title="bbox 590 4236 2761 4328; baseline 0.003 -24"><span class='ocrx_word' id='word_1_291' title='bbox 590 4240 827 4304; x_wconf 92' lang='lat' dir='ltr'>doctor</span> <span class='ocrx_word' id='word_1_292' title='bbox 856 4238 1155 4321; x_wconf 89' lang='lat' dir='ltr'>gentium</span> <span class='ocrx_word' id='word_1_293' title='bbox 1190 4236 1522 4300; x_wconf 90' lang='lat' dir='ltr'>intercede</span> <span class='ocrx_word' id='word_1_294' title='bbox 1555 4257 1675 4318; x_wconf 93' lang='lat' dir='ltr'>pro</span> <span class='ocrx_word' id='word_1_295' title='bbox 1708 4238 1899 4300; x_wconf 87' lang='lat' dir='ltr'>nobis</span> <span class='ocrx_word' id='word_1_296' title='bbox 1932 4240 2017 4302; x_wconf 89' lang='lat' dir='ltr'>ad</span> <span class='ocrx_word' id='word_1_297' title='bbox 2051 4240 2271 4319; x_wconf 89' lang='lat' dir='ltr'>deum,</span> <span class='ocrx_word' id='word_1_298' title='bbox 2301 4244 2414 4323; x_wconf 92' lang='lat' dir='ltr'>qui</span> <span class='ocrx_word' id='word_1_299' title='bbox 2447 4253 2513 4307; x_wconf 89' lang='lat' dir='ltr'>te</span> <span class='ocrx_word' id='word_1_300' title='bbox 2544 4245 2761 4328; x_wconf 88' lang='lat' dir='ltr'>elegit.</span> 
     </span>
    </p>
   </div>
   <div class='ocr_carea' id='block_1_9' title="bbox 691 4437 2739 4566">
    <p class='ocr_par' dir='ltr' id='par_1_10' title="bbox 691 4437 2739 4566">
     <span class='ocr_line' id='line_1_40' title="bbox 691 4437 2739 4509; baseline 0.003 -22"><span class='ocrx_word' id='word_1_301' title='bbox 691 4438 710 4470; x_wconf 81' lang='lat'>²</span> <span class='ocrx_word' id='word_1_302' title='bbox 743 4457 835 4488; x_wconf 88' lang='lat' dir='ltr'>om.</span> <span class='ocrx_word' id='word_1_303' title='bbox 867 4437 944 4501; x_wconf 88' lang='lat'>38.</span> <span class='ocrx_word' id='word_1_304' title='bbox 1895 4438 1918 4467; x_wconf 75' lang='lat'>2</span> <span class='ocrx_word' id='word_1_305' title='bbox 1951 4455 2189 4504; x_wconf 78' lang='lat' dir='ltr'>operam:</span> <span class='ocrx_word' id='word_1_306' title='bbox 2226 4454 2304 4505; x_wconf 85' lang='lat'>39.</span> <span class='ocrx_word' id='word_1_307' title='bbox 2334 4456 2413 4504; x_wconf 83' lang='lat'>41.</span> <span class='ocrx_word' id='word_1_308' title='bbox 2444 4443 2521 4493; x_wconf 91' lang='lat'>60.</span> <span class='ocrx_word' id='word_1_309' title='bbox 2552 4443 2630 4493; x_wconf 78' lang='lat'>61.</span> <span class='ocrx_word' id='word_1_310' title='bbox 2662 4445 2739 4509; x_wconf 85' lang='lat'>63.</span> 
     </span>
     <span class='ocr_line' id='line_1_41' title="bbox 693 4502 1724 4566; baseline -0.001 -13"><span class='ocrx_word' id='word_1_311' title='bbox 693 4505 714 4535; x_wconf 78' lang='lat'><strong>³</strong></span> <span class='ocrx_word' id='word_1_312' title='bbox 758 4505 896 4554; x_wconf 78' lang='lat' dir='ltr'>Thus</span> <span class='ocrx_word' id='word_1_313' title='bbox 919 4504 1021 4552; x_wconf 85' lang='lat' dir='ltr'>also</span> <span class='ocrx_word' id='word_1_314' title='bbox 1044 4502 1121 4566; x_wconf 89' lang='lat'>38.</span> <span class='ocrx_word' id='word_1_315' title='bbox 1150 4517 1230 4563; x_wconf 83' lang='grc'>44.</span> <span class='ocrx_word' id='word_1_316' title='bbox 1261 4502 1447 4552; x_wconf 88' lang='lat' dir='ltr'>electus</span> <span class='ocrx_word' id='word_1_317' title='bbox 1471 4519 1484 4551; x_wconf 72' lang='grc' dir='ltr'><strong><em>ε</em></strong></span> <span class='ocrx_word' id='word_1_318' title='bbox 1522 4513 1599 4565; x_wconf 89' lang='lat'>39.</span> <span class='ocrx_word' id='word_1_319' title='bbox 1631 4511 1724 4552; x_wconf 87' lang='lat' dir='ltr'>etc.</span> 
     </span>
    </p>
   </div>
  </div>
 </body>
</html>
