3293 5225
592 448 690 514 306
1357 451 1410 499 S.
1438 450 1767 501 JACOBUS
1786 451 2115 500 APOSTOL
2129 451 2231 502 US.
2746 452 2891 513 [IUL.
2922 463 3008 517 25.

600 603 753 666 naui
810 603 875 666 in
928 623 1063 685 qua
1110 603 1252 666 sine
1300 603 1465 667 velis
1518 613 1585 666 et
1639 603 1839 667 remis
1885 603 2145 668 fuerant
2175 624 2216 667 a
2250 604 2495 680 IudeiS,
2538 614 2614 668 vt
2658 606 3011 687 naufragio

599 691 908 773 perirent,
968 691 1280 773 impositi,
1327 711 1468 791 ‘ope
1527 690 1755 754 diuina
1820 691 2188 754 Massiliam
2251 692 2522 755 tandem
2585 693 3007 775 applicuisse,

600 776 1018 859 eandemque
1110 779 1530 860 potissimum
1626 778 2155 842 Massiliensibus
2244 790 2312 841 et
2402 779 2633 842 vicinis
2741 780 3007 864 populis

600 863 1021 946 euangelium
1078 864 1469 947 predicasse,
1517 874 1585 928 et
1634 865 1968 947 plerisque
1999 866 2085 928 ad
2134 864 2333 929 fidem
2368 866 2614 931 Christi
2668 868 3007 931 conversis

601 951 667 1014 in
717 953 1044 1034 prealtum
1098 963 1396 1015 montem
1451 951 1818 1026 secessisse,
1853 952 2076 1034 ibique
2106 952 2467 1016 solitariam
2503 954 2708 1017 vitam
2759 955 3008 1017 multos

601 1057 814 1101 annos
846 1040 1262 1121 transegisse,
1294 1041 1357 1101 in
1393 1039 1723 1121 frequenti
1755 1049 1981 1102 tamen
2016 1039 2403 1122 angelorum
2438 1042 2920 1104 consuetudine
2967 1063 3006 1103 a

601 1126 840 1207 quibus
902 1127 1033 1188 iam
1098 1127 1416 1189 moritura
1470 1127 1533 1190 in
1590 1127 1939 1190 ecclesiam
1990 1127 2167 1189 vrbis
2224 1127 2563 1209 Aquensis
2617 1130 2804 1192 cuius
2862 1137 3006 1191 erat

598 1214 949 1296 episcopus
1010 1225 1280 1276 sanctus
1343 1214 1777 1289 MaximinuS,
1836 1212 2212 1296 deportata¹
2275 1215 2469 1278 suerit
2545 1215 2652 1278 vbi
2731 1228 3008 1297 accepta

599 1300 1000 1363 eucharistia
1032 1301 1416 1383 migrauerit
1447 1302 1534 1364 ad
1567 1302 1915 1364 dominum
1951 1302 2059 1366 ‚xi
2090 1301 2404 1365 calendas
2438 1303 2733 1386 Augusti
2781 1303 3007 1366 multis

598 1389 794 1451 editis
828 1388 1178 1464 miraculiS,
1208 1408 1338 1470 que
1370 1387 1646 1471 longum
1679 1398 1856 1451 esset
1888 1408 2240 1453 recensere.

1552 1558 1619 1627 (I
1664 1552 1789 1614 Ad
1810 1552 2050 1615 laudes.

726 1662 1128 1746 Anttphona.
1222 1663 1362 1726 Ista
1393 1672 1494 1726 est
1527 1665 1832 1744 speciosa
1865 1664 2037 1727 inter
2068 1662 2236 1726 filias
2280 1664 2660 1729 Ierusalem.

1525 1831 1592 1900 (I
1636 1826 1762 1888 Ad
1786 1836 2095 1907 vesperas.

728 1936 1054 2018 Hymnus.
1148 1936 1208 1998 N
1216 1937 1356 1998 ardi
1390 1946 1463 1998 vt
1488 1948 1704 2018 supra.

644 2111 686 2173 b
727 2024 1124 2106 Anttplzona.
1201 2024 1416 2086 Maria
1440 2025 1768 2106 optimam
1796 2035 2052 2107 partem
2075 2025 2313 2108 elegit:
2365 2047 2495 2108 que
2522 2047 2652 2088 non
2676 2026 3009 2090 auferetur

598 2130 639 2173 a
716 2130 811 2174 ea.

973 2253 1040 2322 (Ι
1084 2246 1349 2310 Iacobus
1377 2249 1439 2311 A
1434 2247 1749 2330 postolus²
1782 2249 2019 2330 duplex
2045 2250 2276 2314 maius.
2372 2250 2617 2315 Oratio,

613 2358 865 2488 ESto
897 2359 1167 2422 domine
1200 2359 1377 2441 plebi
1410 2370 1524 2423 tue
1557 2360 2006 2424 sanctificator
2038 2370 2106 2424 et
2136 2371 2361 2424 custos
2390 2385 2404 2426 :
2451 2373 2523 2425 vt
2571 2362 2858 2446 apostoli
2910 2364 3008 2427 tui

774 2447 1000 2509 Iacobi
1047 2446 1330 2509 munita³
1376 2447 1719 2530 presidijs:
1765 2458 1833 2512 et
1878 2450 2381 2513 conuersatione
2428 2449 2547 2512 tibi
2596 2450 2892 2532 placeat:
2941 2460 3010 2514 et

599 2553 826 2596 secura
858 2544 1082 2596 mente
1115 2535 1462 2609 deseruiat,
1493 2555 1625 2618 per.

1523 2695 1593 2765 {I
1634 2689 1850 2753 Lectio
1881 2691 2091 2755 tertia.

614 2801 959 2930 IAcobus
1031 2801 1376 2883 apostolus
1453 2801 1744 2865 Zebedei
1821 2801 1993 2865 filius
2074 2803 2347 2866 natione
2438 2803 2734 2868 Galileus
2840 2805 3013 2869 inter

712 2889 963 2971 primos
1010 2888 1351 2972 apostolos
1398 2909 1437 2951 a
1483 2889 1733 2952 christo
1778 2900 2058 2952 vocatus
2106 2890 2229 2953 suit
2277 2911 2426 2954 cum
2488 2892 2742 2954 Ioanne
2794 2892 3014 2958 fratre.

603 2974 739 3057 Qui
799 2975 1041 3038 relictis
1103 2976 1353 3039 retibus
1421 2996 1553 3058 que
1614 2987 1773 3039 tunc
1851 2977 2022 3040 forte
2098 2976 2606 3054 reficiebantur,⁴
2678 2990 2746 3043 et
2820 2990 3010 3062 patre

605 3063 916 3126 Zebedeo
976 3064 1192 3145 ipsum
1260 3063 1482 3126 Iesum
1545 3064 1753 3127 secuti
1816 3073 1988 3128 sunt.
2082 3064 2215 3126 Hic
2268 3075 2370 3128 est
2417 3086 2585 3129 vnus
2647 3087 2737 3128 ex
2797 3068 3015 3130 tribus

602 3150 921 3232 apostolis
982 3150 1447 3227 dilectissimis,
1505 3171 1676 3232 quos
1750 3151 2035 3214 christus
2111 3161 2315 3215 testes
2390 3172 2535 3216 esse
2608 3154 2817 3217 voluit
2891 3175 3015 3217 sue

604 3236 1219 3318 transfigurationis,
1341 3238 1431 3300 Et
1491 3258 1661 3319 quos
1721 3236 1899 3301 solos
1962 3238 2146 3319 sequi
2210 3260 2281 3301 se
2354 3240 2655 3321 permisit
2730 3241 3011 3304 domum

605 3326 1017 3406 ingressurus
1095 3323 1247 3387 Iairi
1337 3324 1868 3407 archisynagogi,
1943 3324 2029 3387 ad
2106 3324 2308 3388 filiam
2401 3327 2606 3409 ipsius
2682 3348 2722 3390 a
2797 3341 3016 3392 morte

606 3412 1071 3475 reuocandam.
1209 3411 1411 3474 Hunc
1456 3422 1545 3475 et¹
1590 3412 1912 3474 Ioannem
1992 3411 2259 3476 fratrem
2322 3422 2460 3476 tam
2524 3414 2805 3477 dilectos
2863 3436 3016 3478 esse

609 3498 876 3562 Christo
927 3518 1154 3561 eorum
1219 3509 1429 3561 mater
1490 3498 1923 3582 intelligebat,
1966 3510 2038 3562 vt
2099 3519 2231 3563 non
2280 3501 2687 3565 dubitauerit
2733 3502 2819 3564 ab
2864 3504 3019 3586 ipso

609 3596 834 3667 petere
863 3597 934 3648 vt
966 3605 1171 3666 quum
1218 3596 1393 3648 esset
1424 3585 1489 3647 in
1524 3606 1644 3648 suo
1698 3607 1903 3668 regno
1952 3586 2233 3649 alterum
2267 3607 2307 3649 a
2337 3588 2594 3650 dextris
2639 3588 3020 3667 collocaret,

609 3672 887 3735 alterum
945 3693 984 3733 a
1037 3672 1332 3735 sinistris,
1426 3673 1559 3735 Hic
1610 3673 1809 3753 igitur
1865 3673 2147 3735 Iacobus
2181 3684 2332 3756 post
2364 3674 2609 3739 Christi
2641 3697 3014 3754 ascensum,

612 3779 818 3842 quum
911 3758 1110 3822 fidem
1194 3760 1397 3842 ipsius
1473 3780 1589 3842 per
1670 3759 1967 3833 Iudeam,
2029 3771 2096 3823 et
2172 3761 2545 3825 Samariam
2626 3763 3017 3827 mirabiliter

612 3846 1020 3929 predicando
1074 3858 1549 3929 propagasset:
1613 3847 2068 3929 plurimosque
2128 3856 2196 3909 et
2244 3849 2309 3910 in
2356 3849 2459 3912 his
2510 3850 3017 3933 Hermogenem

612 3934 974 3998 hereticum
1053 3934 1137 3996 ad
1215 3953 1440 3995 verum
1520 3934 1624 3996 dei
1703 3934 1954 3996 cultum
2033 3936 2483 3999 conuertisset.
2608 3938 3016 4020 Hispaniam

611 4021 874 4102 adijsse.
931 4030 997 4083 et
1046 4022 1135 4083 ibi
1186 4020 1608 4102 euangelium
1644 4022 2021 4101 predicasse
2052 4030 2245 4083 autor
2275 4032 2376 4085 est
2414 4024 2723 4088 Isidorus,
2812 4025 3019 4087 Vnde

617 4107 1097 4189 lerosolymam
1162 4127 1459 4169 reuersus
1534 4108 1621 4170 ab
1702 4107 1974 4170 Herode
2033 4109 2261 4190 gladio
2336 4130 2700 4191 percussu5‚
2763 4112 3023 4193 primus

612 4195 1066 4278 apostolorum
1119 4195 1440 4275 martyrio
1488 4205 1842 4257 coronatus
1891 4206 2008 4259 est.
2101 4195 2233 4278 Qui
2284 4197 2444 4260 dum
2499 4198 2583 4260 ad
2616 4199 3017 4281 supplicium

613 4285 964 4346 duceretur
1004 4281 1304 4344 oblatum
1351 4281 1791 4364 paralyticum
1839 4282 1903 4344 in
1955 4282 2063 4345 via
2109 4285 2409 4347 sanauit:
2454 4305 2666 4368 eoque
2699 4286 3059 4350 miraculo·
3204 4246 3234 4337 ἡ

709 4443 727 4475 ¹
762 4444 824 4494 de
896 4453 1005 4493 rta:
1043 4457 1119 4507 39.
1588 4440 1611 4473 ²
1641 4443 1710 4493 di.
1741 4455 1803 4508 25
1829 4445 1885 4493 in
1909 4461 1974 4494 m.
2371 4444 2393 4476 ³
2425 4446 2650 4497 minuta:
2687 4446 2763 4510 38.

709 4509 731 4539 ⁴
761 4526 813 4560 re
851 4509 1079 4560 ciebant:
1119 4522 1194 4571 39.
1224 4518 1317 4558 etc.
