3293 5225
670 443 768 505 346
1285 442 1426 491 FES
1433 441 1605 493 TUM
1632 441 1952 493 OMNIUM
1981 440 2460 492 SANCTORUM.
2819 438 2967 501 [Νῦν.
2997 450 3033 486 2.

670 596 935 677 lateque
1028 593 1270 659 diffusa
1368 595 1433 658 in
1529 596 1675 679 ipso
1766 595 1986 678 capite
2079 615 2201 657 suo
2275 594 2521 657 christo
2601 593 2748 656 Iesu
2822 592 3038 665 edocta,

667 682 1108 746 contumelias
1204 683 1433 757 cruciS,
1506 692 1574 745 et
1669 692 1949 744 mortem
2026 681 2258 745 didicit
2334 701 2466 744 non
2544 681 2792 755 timere,
2862 679 3039 760 magis

673 771 1019 852 magisque
1123 770 1430 833 roborata
1533 779 1635 833 est
1740 788 1873 831 non
1981 768 2365 844 resistend0‚
2456 768 2575 831 sed
2677 765 3039 849 perferendo

672 856 1039 919 Vniuersos
1097 867 1324 919 autem
1378 876 1548 938 quos
1597 858 1866 938 agmine
1921 855 2174 938 inclyto
2227 875 2449 918 carcer
2495 854 2752 936 penalis
2803 853 3041 922 inclusit.

672 945 812 1026 pari
890 953 958 1006 et
1037 943 1234 1006 simili
1303 944 1520 1007 calore
1579 945 1842 1006 virtutis
1903 943 1988 1007 ad
2050 942 2414 1025 gerendum
2474 952 2812 1004 certamen
2868 940 3043 1021 gloria

670 1030 1093 1111 triumphalis
1141 1032 1501 1113 inspirauit.
1594 1029 1656 1094 O
1698 1028 1875 1093 vere¹
1926 1031 2122 1093 beata
2172 1040 2386 1092 mater
2429 1030 2725 1102 ecclesia,
2759 1047 2946 1109 quam
2974 1026 3044 1087 sic

673 1117 885 1180 honor
930 1118 1156 1182 diuine
1203 1118 1609 1200 dignationis
1660 1116 2014 1193 illuminat,
2046 1137 2247 1199 quarn
2281 1116 2717 1179 Vincentium
2764 1115 3047 1197 gloriosus

673 1214 1039 1286 martyrum
1087 1207 1356 1286 sanguis
1400 1214 1705 1280 exornat,
1734 1225 1936 1286 quam
1985 1205 2301 1267 inuiolate
2341 1203 2777 1266 confessionis
2805 1198 3049 1264 candida

672 1292 889 1355 induit
949 1292 1310 1375 virginitas,
1433 1291 1739 1354 Floribus
1813 1293 1954 1354 eius
2030 1312 2151 1354 nec
2228 1310 2389 1365 rose,
2452 1311 2573 1353 nec
2637 1289 2775 1352 lilia
2832 1289 3049 1351 desunt.

670 1377 972 1442 Certent2
996 1400 1172 1442 nunc
1204 1379 1566 1441 charissimi
1598 1379 1840 1460 singuli
1872 1379 1957 1441 ad
1990 1388 2302 1459 vtrosque
2332 1378 2618 1440 honores
2648 1374 3052 1459 amplissimas

668 1464 923 1548 accipe³
976 1466 1377 1547 dignitatum
1432 1485 1728 1540 coronaS,
1772 1465 1873 1528 vel
1929 1465 2013 1528 de
2064 1466 2444 1548 virginitate
2488 1463 2830 1538 candidaS,
2857 1461 2952 1524 vel
2989 1460 3051 1521 de

674 1554 981 1634 passione
1030 1572 1406 1636 purpureas,
1502 1553 1579 1615 ln
1630 1552 1983 1616 celestibus
2035 1555 2266 1615 castris
2317 1572 2472 1634 pax,
2502 1560 2571 1614 et
2623 1553 2802 1613 acies
2841 1548 3050 1611 habent

670 1639 865 1702 flores
889 1660 1062 1715 suOS,
1085 1641 1326 1721 quibus
1351 1639 1593 1702 milites
1617 1639 1841 1702 christi
1876 1648 2294 1702 coronantur.
2366 1638 2493 1700 Dei
2524 1639 2707 1701 enim
2742 1632 3053 1700 ineffabilis

666 1737 738 1789 et
799 1728 1124 1789 immensa
1185 1727 1447 1789 bonitas
1506 1728 1709 1789 etiam
1765 1726 1890 1789 hoc
1946 1726 2294 1810 prouidet,⁴
2343 1736 2416 1788 vt
2469 1725 2773 1788 laborum
2822 1722 3052 1804 quidem

672 1822 938 1896 tempus
1015 1823 1082 1876 et
1159 1814 1394 1895 agonis
1472 1834 1604 1876 non
1674 1813 2088 1889 extenderet,
2151 1833 2269 1875 nec
2331 1812 2606 1893 longum
2672 1811 2915 1875 faceret
2965 1818 3054 1870 aut

670 1909 974 1962 eternum
1030 1900 1146 1963 sed
1200 1902 1400 1964 breue
1448 1909 1534 1977 et,
1563 1909 1635 1962 vt
1690 1901 1781 1963 ita
1827 1901 2066 1975 dicam,
2114 1909 2680 1974 momentaneum,
2730 1908 2803 1961 vt
2850 1899 2912 1960 in
2959 1895 3055 1957 hac

670 1987 872 2062 breui,
902 1997 970 2050 et
1019 1989 1267 2070 exigua
1314 1989 1452 2049 vita
1501 2007 1753 2068 agones
1797 1998 2019 2050 essent
2063 1997 2131 2050 et
2177 1986 2437 2050 labores
2482 1987 2548 2048 in
2598 1985 2741 2048 i110⁵
2775 2004 2924 2048 vero
2950 2001 3051 2062 que

669 2084 900 2136 eterna
947 2085 1067 2150 est,
1098 2095 1343 2137 corona
1392 2085 1459 2137 et
1506 2076 1760 2157 premia
1813 2076 2215 2148 meritorum,
2250 2083 2320 2136 vt
2366 2073 2625 2136 labores
2656 2073 2923 2154 quidem
2953 2070 3056 2131 cito

671 2159 1032 2237 finirentur,
1065 2163 1448 2224 meritorum
1482 2182 1640 2224 vero
1674 2163 1926 2244 premia
1958 2163 2099 2224 sine
2133 2160 2262 2223 fine
2293 2161 2625 2224 durarent.

1634 2305 1702 2373 ΙΙ
1748 2299 1808 2361 A
1820 2298 1873 2360 d
1893 2298 2132 2360 laudes.

800 2409 1199 2491 Antz'plzona.
1268 2412 1367 2473 Te
1387 2410 1713 2491 gloriosus
1733 2408 2185 2493 apostolorum
2212 2408 2448 2470 chorus
2474 2431 2487 2469 :
2524 2417 2590 2469 te
2616 2406 3054 2489 prophetarum

673 2496 1025 2560 laudabilis
1072 2518 1419 2561 numerus:
1483 2506 1550 2559 te
1598 2506 1964 2577 martyrum
2013 2494 2411 2559 candidatus
2459 2494 2691 2556 laudat
2733 2492 3061 2556 exercitus:

670 2593 740 2647 te
820 2604 1055 2648 omnes
1133 2585 1343 2649 sancti
1418 2594 1486 2648 et
1545 2583 1738 2648 electi
1800 2604 1963 2647 voce
2024 2581 2424 2646 confitentur
2481 2582 2837 2645 vnanimes
2895 2579 3059 2642 beata

671 2673 932 2734 trinitas
962 2693 1132 2735 vnus
1161 2673 1343 2736 deus,
1936 2696 1951 2710 ‘

1660 2809 1722 2870 A
1734 2808 1786 2869 d
1808 2818 2115 2888 vesperas,

801 2921 1125 3000 Hymnus.
1216 2920 1476 2985 Christe
1509 2921 1904 3003 redemptor.
1936 2917 2067 2983 etc.⁶

804 3008 1203 3090 Antz‘plzona.
1295 3007 1356 3072 O
1419 3028 1620 3089 quarn
1684 3008 2045 3089 gloriosum
2107 3016 2208 3068 est
2270 3025 2546 3087 regnum
2611 3003 2680 3066 in
2746 3022 2879 3085 quo
2935 3017 3058 3061 cum

667 3094 915 3157 christo
991 3096 1286 3177 gaudent
1361 3115 1595 3158 omnes
1671 3095 1882 3156 sancti
1958 3094 2184 3156 amicti
2248 3093 2434 3156 stolis
2494 3091 2665 3154 albis
2729 3096 3062 3171 sequuntur

669 3202 922 3263 agnum
956 3202 1354 3264 quocunque
1388 3183 1549 3246 ierit.

801 3274 868 3344 (Ι
914 3270 1131 3331 Hodie
1159 3279 1313 3351 post
1358 3280 1652 3350 vesperas
1695 3268 1830 3329 diez·
1861 3268 2172 3329 dicuntur
2197 3276 2448 3346 vespere
2477 3265 2927 3346 deficnctorum
2958 3256 3066 3322 nisi

669 3356 763 3418 sit
849 3356 1206 3432 sabbatum,
1267 3377 1421 3417 nam
1527 3366 1680 3417 tunc
1757 3366 2007 3436 vespere
2080 3353 2527 3434 defimctorwn
2604 3352 2923 3415 dicuntur
2984 3345 3064 3409 die
3164 3424 3165 3427 Ἴ

672 3443 993 3505 dominica
1009 3452 1162 3525 post
1187 3454 1481 3524 vesperas
1509 3443 1655 3505 diei.

1136 3585 1204 3655 (1
1248 3579 1379 3641 Die
1408 3579 1492 3659 .ij.
1524 3578 1602 3641 de
1629 3588 1853 3640 octaua
1894 3576 2182 3638 omnium
2213 3572 2626 3638 sanctorum?

1704 3689 1915 3752 Lectio
1947 3688 2057 3770 ,τ’ᾔ.

685 3803 1086 3932 LEgimus
1133 3804 1198 3865 in
1236 3802 1696 3865 ecclesiasticis
1727 3800 2018 3882 historijs
2048 3800 2228 3881 quod
2262 3810 2531 3862 sanctus
2566 3798 2947 3862 Bonifacius
2975 3790 3062 3874 qui

829 3900 1103 3972 quartus
1186 3911 1225 3952 a
1302 3889 1498 3952 beato
1582 3888 1905 3971 Gregorio
1984 3888 2291 3950 Romane
2368 3888 2546 3950 vrbis
2626 3888 3061 3969 episcopatum

673 3978 961 4054 tenebat,
994 3979 1127 4039 suis
1174 3977 1477 4059 precibus
1522 3996 1562 4038 a
1612 3975 1832 4038 Phoca
1864 3975 2104 4039 Cesare
2138 3975 2518 4057 impetrauit
2549 3974 2790 4036 donari
2823 3966 3064 4034 ecclesie

671 4064 918 4129 Christi
994 4063 1318 4147 templum
1401 4063 1616 4125 Rome
1692 4062 1872 4144 quod
1948 4062 2034 4124 ab
2108 4062 2401 4142 antiquis
2478 4060 2829 4122 Pantheon
2898 4065 3064 4119 antea

671 4151 1050 4227 vocabatur,
1092 4152 1248 4232 quia
1297 4150 1422 4213 hoc
1471 4152 1661 4231 quasi
1710 4148 2182 4212 simulachrum
2235 4148 2534 4210 omnium
2569 4147 2905 4210 videretur
2948 4158 3063 4205 esse

670 4238 967 4302 deorum.
1061 4238 1138 4301 In
1172 4257 1306 4319 quo
1336 4237 1708 4300 eliminato⁸
1738 4237 1922 4298 omni
1956 4236 2270 4316 spurcitia
2301 4234 2456 4297 fecit
2487 4234 2838 4297 ecclesiam
2873 4236 3066 4294 sancte

769 4384 786 4414 ¹
821 4401 975 4436 vera:
1012 4397 1089 4448 39.
1718 4381 1740 4413 ²
1773 4384 1953 4433 Certe:
1992 4381 2068 4445 38.
2501 4381 2522 4411 ³
2554 4381 2817 4447 accipere:
2855 4392 2929 4443 39.
2956 4383 3034 4426 etc.

771 4448 791 4480 ⁴
825 4449 1078 4515 providit:
1117 4463 1194 4513 39.
1226 4462 1304 4510 41.
1336 4451 1414 4500 61.
1443 4449 1526 4510 64.
1718 4448 1738 4478 ⁵
1770 4449 1889 4497 illa:
1928 4461 2005 4511 39.
2035 4457 2129 4496 etc.

770 4513 792 4545 ⁶
823 4524 879 4565 vt
899 4524 1055 4580 supra
1074 4531 1091 4564 .·
1125 4528 1202 4579 39.
1233 4528 1310 4575 41.
1711 4513 1732 4545 ⁷
1766 4513 1848 4563 die
1871 4526 1916 4563 2.
1948 4514 2004 4561 in
2030 4530 2093 4561 m.
2496 4508 2518 4541 ⁸
2551 4512 2849 4561 eliminata:
2883 4524 2958 4570 44.
2982 4514 3058 4554 etc.
