3293 5225
357 421 478 471 IAN.
520 422 628 483 27.]
818 421 871 470 S.
914 420 1431 471 POLYCARPUS:
1464 421 1517 469 S.
1557 419 1651 469 lo.
1700 417 2302 470 CHRYSOSTOMUS.
2673 430 2767 483 257

701 630 768 700 (Ι
811 624 1210 706 polycarpus
1237 624 1550 705 episcopus
1591 622 1885 705 martyr.¹
1972 624 2186 686 Lectio
2218 624 2426 688 tertia.

373 735 857 865 pOlycarpus
924 737 1192 800 Ioannis
1251 736 1536 819 apostoli
1597 735 1978 819 discipuluS,
2038 746 2104 799 et
2179 736 2266 799 ab
2326 756 2406 799 eo
2488 734 2776 816 Smyrne

509 825 864 908 episcopus
926 824 1271 907 prefectuS,
1322 823 1806 906 probatissimis
1860 823 1983 886 suit
2033 823 2344 900 moribus,
2398 832 2464 886 et
2519 824 2773 904 ingenti

355 911 676 987 doctrina,
765 913 949 975 cuius
1039 912 1392 993 magistros
1465 911 1790 974 habuerat
1872 912 2227 973 nonnullos
2300 910 2774 992 apostolorum.

366 998 545 1061 Hinc
608 1008 878 1082 propter
937 998 1260 1080 quasdam
1317 999 1401 1062 de
1461 997 1594 1061 die2
1657 998 1901 1081 pasche
1961 999 2421 1061 contentiones
2484 998 2773 1060 Romam

361 1086 544 1148 venit
619 1096 921 1169 tempore
1005 1086 1315 1149 Anacleti
1394 1106 1584 1168 pape,
1673 1086 1782 1149 vbi
1860 1086 2105 1148 multos
2164 1106 2203 1148 a
2292 1085 2633 1147 Valentini
2710 1095 2780 1148 et

366 1171 726 1236 Marcionis
786 1173 994 1236 heresi
1072 1173 1156 1236 ad
1235 1182 1480 1236 rectam
1546 1172 1744 1236 fidem
1823 1174 2176 1247 reuocauit,
2237 1172 2565 1252 rebusque
2624 1192 2775 1234 cum

362 1259 694 1323 Anacleto
740 1260 1125 1343 compositis
1160 1259 1516 1340 Smyrnam
1552 1261 1762 1342 redijt.
1856 1260 2090 1341 Ibique
2137 1281 2253 1342 per
2282 1260 2536 1340 aliquot
2566 1279 2780 1321 annos

366 1347 641 1409 ecclesia
689 1348 1101 1411 sanctissime
1145 1348 1608 1410 administrata
1658 1348 1865 1411 Marci
1901 1347 2153 1428 Aurelij
2208 1347 2664 1429 persecutione
2711 1347 2776 1408 in

367 1433 779 1497 Christianos
891 1455 1007 1517 per
1125 1444 1336 1497 totam
1451 1434 1686 1497 Asiam
1808 1435 2120 1512 seuiente,
2237 1445 2602 1510 accusatuS,
2713 1443 2780 1496 et

368 1522 884 1603 comprehensus
930 1542 1079 1585 cum
1114 1522 1199 1585 ad
1246 1521 1531 1584 tribunal
1567 1522 1974 1604 proconsulis
2020 1543 2090 1585 se
2136 1521 2583 1585 Christianum
2638 1541 2782 1583 esse

368 1610 698 1671 constanti
775 1612 1001 1671 animo
1079 1607 1511 1691 profiteretur,
1586 1630 1707 1672 nec
1801 1619 2024 1691 posset
2115 1608 2359 1671 minus³
2448 1608 2781 1680 deterreri,

366 1696 669 1758 vniuersa
732 1697 1153 1760 multitudine
1210 1696 1577 1777 gentilium,
1652 1706 1718 1758 et
1814 1696 2167 1760 Iudeorum
2243 1696 2308 1759 id
2385 1695 2783 1758 clamoribus

366 1781 792 1862 efflagitante,
823 1805 863 1846 a
897 1784 1288 1866 proconsule
1318 1784 1675 1846 damnatur
1708 1806 1720 1845 :
1751 1793 1822 1845 vt
1863 1785 2053 1846 viuus
2087 1785 2240 1864 igne
2271 1783 2782 1846 combureretur.

372 1868 504 1933 Sed
540 1872 603 1932 in
639 1891 871 1951 rogum
905 1872 1142 1933 vinctis
1174 1881 1324 1953 post
1372 1881 1630 1952 tergum
1668 1870 1974 1933 manibus
2018 1872 2311 1943 iniectuS,
2347 1869 2782 1953 permanebat

367 1957 602 2021 illesus
697 1958 1001 2020 Flamma
1047 1960 1224 2021 enim
1261 1959 1324 2020 in
1375 1957 1648 2020 modum
1698 1957 1979 2021 Camere
2010 1968 2282 2021 curuata
2328 1959 2515 2038 quasi
2559 1958 2780 2021 velum

368 2045 557 2107 nauis
629 2056 832 2108 vento
893 2047 1199 2108 sinuante
1259 2065 1499 2127 corpus
1575 2046 1883 2125 martyris
1952 2045 2241 2126 tegebat,
2303 2047 2522 2127 potius
2581 2064 2783 2125 quam

368 2131 717 2195 adureret.⁴
807 2132 959 2214 Quo
991 2133 1455 2196 animaduerso
1488 2132 1748 2194 sceleris
1781 2133 2059 2194 ministri
2092 2153 2347 2214 corpuS,
2379 2133 2481 2196 cui
2517 2132 2786 2194 flamme

372 2230 803 2301 pepercerant
862 2243 875 2282 :
933 2219 1163 2282 iubent
1210 2219 1436 2301 gladio
1490 2240 1530 2281 a
1591 2219 1898 2282 carnifice
1948 2219 2285 2282 transfodi.
2400 2219 2554 2301 Quo
2609 2219 2786 2281 sacto

370 2306 730 2368 beatissimi
787 2308 1094 2386 martyris
1143 2308 1410 2388 spiritus
1461 2306 1739 2369 vinculis
1788 2307 2080 2389 corporis
2141 2306 2393 2368 solutus
2445 2306 2530 2369 ad
2586 2306 2785 2369 deum

367 2394 674 2457 euolauit.
767 2395 1006 2456 Passus
1036 2404 1136 2457 est
1167 2404 1390 2456 autem
1423 2414 1672 2456 annum
1706 2413 1913 2474 agens
1935 2393 2487 2474 octuagesimum5
2519 2404 2785 2457 sextum

369 2480 492 2560 ,vij.
518 2480 828 2543 calendas
865 2480 1224 2561 Februarij.

487 2649 554 2719 (Ι
598 2643 874 2707 Ioannes
910 2644 1392 2725 chrysostomus
1420 2645 1735 2725 episcopus
1762 2642 1848 2705 et⁶
1877 2641 2233 2722 consessor.7
2320 2644 2533 2706 Lectio
2562 2644 2674 2725 jis.

387 2756 733 2884 IOannes
779 2757 1296 2838 Chrysostomus
1346 2756 1706 2820 Antiochie
1754 2766 1966 2830 natuS,
1996 2777 2146 2818 cum
2194 2765 2367 2819 esset
2415 2755 2792 2819 liberalibus

483 2844 736 2906 artibus·
759 2845 1070 2919 erudituS,
1102 2844 1340 2907 relictis
1372 2844 1741 2906 forensibus
1771 2854 1837 2906 et
1863 2843 2263 2906 secularibus
2288 2842 2524 2924 studijs
2554 2842 2793 2923 quibus

373 2930 460 2992 ab
493 2932 760 2994 ineunte
791 2941 969 2995 etate
1015 2940 1385 3007 vacauerat,
1416 2941 1631 2993 totum
1682 2951 1752 2993 se
1804 2951 2135 2993 sacrarum
2193 2930 2525 2993 literarum
2571 2930 2793 2993 studio

373 3018 663 3081 tradidit.
757 3019 939 3099 Ergo
964 3040 1001 3081 a
1027 3020 1302 3082 Meletio
1328 3019 1688 3081 Antiochie
1714 3018 2024 3100 episcopo
2050 3016 2254 3081 lector
2277 3027 2343 3080 et
2369 3017 2704 3091 diaconus
2725 3029 2792 3080 et

379 3105 466 3167 ab
523 3106 816 3187 Euagrio
888 3107 1060 3169 illius
1114 3126 1487 3169 successore
1537 3105 1845 3168 sacerdos
1898 3105 2256 3180 ordinatim,
2298 3114 2439 3167 tum
2495 3104 2794 3167 doctrine

377 3201 516 3254 tum
568 3194 937 3255 sanctitatis
980 3194 1248 3256 nomine
1292 3194 1592 3255 omnium
1641 3213 1804 3255 voce
1850 3191 2320 3255 celebrabatur.
2413 3191 2565 3273 Qua
2613 3192 2791 3253 sama

379 3289 600 3341 motus
647 3279 1022 3343 Archadius
1068 3282 1427 3363 imperator
1474 3280 1690 3362 ipsum
1723 3301 1810 3342 ex
1860 3280 2221 3343 Antiochia
2267 3279 2563 3341 accersiri
2613 3279 2794 3341 iubet

378 3376 449 3427 vt
529 3366 840 3429 Nectario
919 3368 1689 3450 Constantinopolytano
1750 3367 2065 3449 episcopo
2128 3375 2388 3428 mortuo
2464 3366 2791 3429 succedat.

381 3451 707 3535 Suscepto
739 3465 960 3517 autem
987 3456 1374 3538 episcopatu
1407 3476 1556 3518 curn
1589 3455 1748 3516 vitia
1772 3454 2154 3517 clericorum
2190 3454 2427 3534 partim
2460 3452 2795 3535 exemp10,

380 3542 618 3622 partim
674 3542 874 3604 etiam
946 3542 1178 3618 verbis,
1230 3553 1296 3605 et
1351 3542 1661 3624 legitimis
1723 3542 1909 3623 penis
1979 3542 2423 3615 insectaretur,
2477 3560 2790 3621 magnam

377 3628 666 3709 ipsorum
703 3628 768 3691 in
802 3649 873 3691 se
904 3629 1219 3692 inuidiam
1268 3630 1642 3693 concitauit.
1735 3628 2048 3691 Eudoxie
2094 3647 2360 3708 quoque
2391 3637 2671 3707 auguste
2703 3627 2791 3689 ob

377 3714 811 3778 Seuerianum
868 3715 1333 3779 Gabaliensem
1396 3718 1781 3798 episcopum
1837 3735 1876 3777 a
1936 3736 2006 3777 se
2058 3724 2378 3795 tanquam
2432 3714 2792 3777 hereticum

377 3801 538 3864 vrbe
601 3803 884 3884 pulsum,
945 3823 1263 3885 magnum
1327 3803 1552 3866 odium
1616 3802 1884 3865 incurrit
1953 3811 2094 3864 erat
2155 3802 2330 3864 enim
2396 3799 2794 3864 Seuerianus

381 3889 694 3952 Eudoxie
784 3891 1055 3953 intimus
1128 3901 1193 3954 et
1285 3889 1639 3965 familiaris,
1714 3888 2147 3970 quamobrem
2238 3888 2470 3951 eadem
2563 3898 2793 3951 contra

388 3976 708 4039 Ioannem
741 3977 1160 4058 quorundam
1210 3978 1675 4059 episcoporum
1710 3977 2063 4040 concilium
2108 3976 2482 4058 cogendum
2518 3978 2793 4053 curauit,

378 4063 463 4125 ad
541 4064 719 4144 quod
781 4065 962 4127 velut
1037 4065 1275 4127 hostile
1349 4085 1497 4127 cum
1567 4062 1845 4127 Ioanne⁸
1918 4073 2191 4126 vocatus
2267 4064 2357 4125 ire
2432 4073 2795 4127 recusasset

377 4150 735 4214 damnatus
787 4161 904 4227 est,
935 4161 1001 4214 et
1055 4153 1120 4214 in
1176 4152 1448 4215 exilium
1502 4152 1739 4213 missus
1774 4151 1934 4214 :sed
1991 4151 2190 4233 paulo
2245 4159 2396 4232 post
2445 4160 2671 4213 coorta
2725 4151 2790 4212 in

479 4296 497 4328 ¹
534 4299 614 4347 die
640 4299 715 4348 26.
747 4301 804 4347 in
830 4317 894 4349 m.
1684 4297 1707 4329 ²
1739 4299 2071 4348 solennitate:
2102 4311 2178 4362 39.

480 4362 501 4391 ³
546 4364 682 4413 Thus
704 4366 806 4412 also
828 4366 906 4414 61.
937 4345 1116 4415 minis:
1154 4364 1230 4428 38.
1262 4373 1353 4415 etc.
1689 4364 1709 4394 ⁴
1740 4365 2016 4414 adurebat:
2052 4377 2130 4426 43.
2160 4376 2237 4425 49.
2269 4363 2346 4412 61.

483 4427 503 4457 ⁶
538 4430 895 4493 octogesimum
922 4449 935 4481 ι
971 4444 1048 4493 39.
1079 4444 1156 4492 41.
1188 4431 1266 4481 60.
1341 4431 1506 4495 lxxxvj
1532 4448 1544 4480 :
1581 4443 1661 4494 43.
1692 4440 1784 4479 etc.
2276 4426 2298 4458 ⁶
2329 4445 2421 4478 om.
2454 4441 2529 4491 39.
2560 4440 2654 4478 etc.

482 4492 503 4525 ⁷
539 4495 637 4544 Die
663 4506 738 4556 27.
771 4497 827 4543 in
853 4513 916 4545 m.
1700 4493 1721 4525 ⁸
1756 4496 2006 4544 Ioannes:
2043 4506 2119 4558 39.
2151 4506 2242 4543 etc.

479 4574 536 4623 B.
573 4575 634 4623 R.
673 4575 739 4624 N.
2499 4573 2532 4622 S
