3293 5225
1722 457 1824 507 xxii

676 1300 1021 1355 PrvdentiSS.
1060 1316 1128 1355 ac
1166 1296 1320 1353 omni
1359 1314 1569 1369 genere
1606 1298 1868 1354 virtvtvm
1910 1300 2186 1354 excvltiSS.
2226 1297 2345 1354 viro
2390 1300 2463 1355 D.
2510 1298 2758 1354 Gabrieli
2798 1299 2983 1368 Sayae

566 1385 1002 1456 Christophorvs
1031 1385 1324 1441 Plantinvs
1353 1387 1490 1441 S.D.

672 1475 841 1529 CVM
891 1475 995 1529 abs
1043 1484 1115 1541 te,
1167 1484 1221 1529 et
1275 1475 1348 1527 D.
1407 1474 1711 1528 Alsamora
1765 1471 2179 1540 intellexissem,
2241 1473 2326 1528 vir
2374 1474 2658 1543 praeclare,
2707 1482 2979 1544 quantam

564 1560 858 1616 vtilitatem
914 1561 1331 1617 Ecclesiasticis
1392 1560 1660 1616 omnibus
1719 1561 1989 1615 allaturus
2050 1560 2097 1615 is
2161 1577 2334 1629 esses,
2399 1560 2492 1631 qui
2559 1559 2860 1631 prepositis
2921 1559 2978 1613 in

561 1648 814 1719 singulos
872 1648 1113 1703 Dauidis
1179 1650 1437 1704 Psalmos
1498 1647 1768 1703 breuibus
1816 1648 2201 1717 Argumentis,
2255 1647 2603 1703 Breuiarium
2655 1649 2978 1701 Romanum

562 1734 790 1790 minutis
828 1735 1250 1790 characteribus
1290 1736 1684 1790 excudendum
1722 1746 1976 1791 curaret:
2019 1735 2298 1790 Constitui
2335 1735 2488 1805 apud
2523 1752 2613 1789 me
2639 1734 2880 1805 primum
2920 1733 2974 1787 in

560 1821 859 1892 diligendis
886 1822 1203 1878 commodis
1230 1821 1669 1890 characteribuS,
1697 1822 2077 1893 parandisque
2115 1822 2444 1892 diligentem
2470 1838 2702 1891 operam
2728 1837 2976 1875 nauare:

560 1909 766 1964 deinde
815 1927 927 1964 non
978 1910 1132 1980 prius
1172 1909 1228 1964 in
1267 1910 1377 1965 hoc
1414 1927 1556 1978 opus
1594 1909 1955 1964 incumbendi
1995 1910 2165 1965 finem
2205 1911 2406 1976 facere,
2444 1926 2612 1979 quam
2652 1908 2726 1962 ad
2763 1908 2977 1962 calcem

559 1997 862 2052 deductum
889 2008 1055 2064 esset,
1083 1997 1400 2068 desumptis
1429 1998 1787 2053 Psalmorum
1813 1997 2178 2066 Argumentis
2204 2015 2272 2052 ex
2301 1998 2598 2067 Ludolpho
2625 1995 2978 2062 Cartusiano,

558 2101 673 2137 non
699 2084 771 2138 de
795 2083 1107 2151 cuiuslibet,
1149 2084 1250 2139 sed
1290 2084 1361 2138 de
1399 2083 1694 2138 cuiusdam
1732 2083 1929 2154 primae
1966 2094 2116 2139 notae
2153 2083 2205 2137 δε
2242 2082 2596 2138 authoritatis
2629 2081 2728 2136 viri
2755 2080 2976 2137 iudicio,

559 2171 744 2239 Quam
788 2170 1022 2225 feliciter
1065 2171 1197 2226 vero
1247 2181 1484 2226 conatus
1528 2171 1619 2225 hic
1669 2170 1916 2239 cesserit,
1954 2181 2202 2225 vestrum
2242 2170 2494 2225 omnium
2534 2182 2655 2225 esto
2694 2168 2976 2224 iudicium.

561 2259 690 2312 Hoc
715 2258 865 2312 certe
891 2257 1136 2328 profiteri
1164 2276 1414 2328 possum,
1442 2275 1548 2327 me,
1577 2257 1634 2312 in
1660 2258 1769 2313 hoc
1794 2274 1963 2329 opere
1989 2258 2230 2326 edendo,
2258 2257 2460 2328 priuati
2486 2267 2736 2328 quaestus
2762 2257 2976 2311 nullam

558 2345 831 2400 rationem
894 2345 1159 2400 habuisse
1222 2346 1322 2400 sed
1383 2345 1609 2416 publica
1664 2346 1935 2400 duntaxat
1985 2345 2237 2400 vtilitatis
2285 2343 2484 2415 gratia,
2536 2340 2709 2415 idciuo
2766 2354 2864 2398 tuo
2918 2353 2977 2398 et

558 2432 993 2487 domesticorum
1062 2435 1304 2500 hortatu,
1369 2434 1518 2487 hanc
1583 2431 1933 2503 prouinciam
2003 2432 2358 2503 suscepisse:
2432 2430 2758 2487 existimans
2826 2432 2977 2485 hunc

559 2529 813 2573 nostrum
858 2516 1307 2590 qualemcunque
1357 2530 1622 2574 conatum
1672 2519 1901 2574 abunde
1952 2529 2380 2589 compensatum
2419 2518 2500 2587 iri,
2539 2518 2587 2572 si
2623 2517 2723 2573 tibi
2761 2533 2828 2572 ac
2866 2516 2978 2572 tuis

556 2606 795 2676 placeat.
886 2608 1040 2660 Nam
1083 2605 1164 2661 sic
1205 2606 1316 2674 fiet,
1357 2616 1417 2660 vt
1459 2623 1566 2661 nec
1608 2605 1773 2661 huius
1818 2606 2065 2677 suscepti
2105 2605 2313 2661 laboris
2356 2622 2446 2660 me
2488 2603 2776 2675 poeniteat,
2818 2614 2875 2659 et
2918 2614 2978 2658 vt

557 2693 779 2748 animus
817 2693 892 2746 ad
929 2693 1145 2749 maiora
1185 2693 1454 2765 deinceps
1492 2695 1846 2765 capessenda
1881 2694 2240 2749 accendatur.
2314 2695 2473 2761 Vale,
2510 2703 2566 2748 et
2605 2692 2752 2747 hanc
2789 2708 2976 2747 meam

557 2780 614 2834 in
631 2790 686 2834 te
713 2781 1133 2835 obseruantiam
1160 2781 1293 2837 boni
1320 2783 1567 2836 consule.
1640 2781 1991 2852 Antuerpiae,
2018 2799 2086 2836 ex
2110 2780 2515 2852 Typographia
2539 2790 2734 2834 nostra
2757 2778 2866 2850 ‚vij.
2888 2779 2975 2834 1d.

562 2867 907 2923 Nouembris
932 2869 1103 2922 Anno
1128 2867 1362 2923 domini.
1396 2869 1546 2938 1561.
2326 2939 2361 2993 6

2370 2954 2414 2994 1.

672 3062 736 3114 In
780 3061 890 3115 hoc
931 3060 1219 3116 Breuiario
1257 3077 1437 3130 nuper
1472 3060 1922 3116 accommodata.
1979 3063 2045 3115 In
2095 3059 2378 3130 psalterio,
2427 3059 2483 3114 in
2534 3058 2717 3114 officio
2754 3069 2975 3113 tantum

563 3146 922 3216 Dominicali,
959 3147 1225 3218 quicquid
1274 3147 1510 3218 singulis
1557 3147 1758 3203 diebus
1795 3148 1871 3202 ad
1910 3147 2245 3202 matutinum
2284 3157 2339 3201 et
2377 3146 2452 3201 ad
2488 3146 2629 3201 alias
2665 3146 2834 3200 horas
2888 3155 2976 3200 est

560 3234 881 3303 dicendum,
907 3246 965 3290 vt
991 3235 1046 3289 in
1072 3235 1253 3306 prima
1280 3235 1582 3290 Dominica
1606 3235 1885 3289 aduentus
1911 3234 2072 3301 iacet,
2099 3232 2404 3303 posuimuS.

670 3323 735 3376 In
780 3321 1007 3393 reliquis
1045 3333 1234 3377 autem
1272 3322 1424 3377 seriis
1461 3322 1673 3392 primas
1722 3332 1942 3377 tantum
1983 3334 2171 3391 partes
2208 3339 2400 3376 earum
2439 3338 2568 3392 quae
2618 3321 2692 3375 ad
2740 3321 2975 3390 longum

560 3420 690 3465 sunt
716 3409 771 3463 in
798 3409 1001 3464 eodem
1029 3409 1212 3465 officio
1240 3409 1599 3478 Dominicali,
1625 3409 2040 3465 adnotauimuS.

670 3498 737 3551 In
798 3497 1135 3565 sanctuario,
1195 3496 1491 3568 vnicuique
1571 3496 1698 3564 diei,
1738 3514 2029 3552 numerum
2092 3496 2308 3551 dierum
2361 3495 2587 3563 mensiS,
2637 3513 2765 3550 cum
2815 3495 2979 3551 litera

563 3581 902 3638 Dominicali
930 3593 986 3638 et
1012 3583 1173 3650 festo,
1200 3593 1258 3638 vt
1284 3584 1526 3638 habetur
1551 3581 1606 3637 in
1629 3581 1968 3649 calendario,
1996 3582 2348 3637 inseruimus.

670 3671 928 3725 Psalmos
953 3687 1178 3741 quoque
1202 3669 1619 3741 poenitentiales
1645 3670 1721 3724 ad
1746 3671 1978 3738 longum
2007 3687 2107 3725 suo
2132 3671 2258 3725 loco
2282 3669 2621 3725 addidimuS.

2330 3767 2416 3836 63.
