3293 5225
410 449 539 498 FRB.
571 450 647 511 7.]
897 450 950 498 S.
989 450 1341 499 AGATHA:
1374 450 1467 499 SS.
1510 449 1923 501 ADAUCTUS
1951 450 2065 498 ET
2089 448 2299 499 SOCII.
2717 449 2812 514 263

405 607 692 682 quatur?
784 600 1146 684 Quomodo
1192 613 1411 685 potest
1455 604 1730 665 terrenis
1775 602 2131 684 lachrymis
2177 601 2370 677 flecti,
2410 603 2596 665 cuius
2641 602 2813 665 oculi

404 689 717 752 celestem
750 690 882 751 iam
916 688 1196 772 gloriam
1229 696 1673 754 contuentur?
1768 690 2003 770 Itaque
2033 710 2073 751 a
2107 688 2299 752 turba
2346 688 2601 752 furente
2631 709 2811 752 com·

405 776 765 858 prehensus
819 777 996 840 iussu
1059 777 1335 859 presidis
1396 777 1714 857 martyrio
1766 797 1896 839 vna
1950 796 2101 839 cum
2161 776 2386 839 Philea
2446 786 2815 852 coronatur,

406 864 616 945 pridie
649 884 860 926 nonas
893 864 947 926 F
949 863 1250 946 ebruarij.

878 1016 945 1086 (I
990 1009 1255 1092 Agathe
1285 1010 1470 1093 virgo
1502 1008 1796 1091 martyr.1
1886 1009 2097 1073 Lectio
2128 1009 2336 1072 tertia.

418 1121 723 1249 DEcio
784 1121 1199 1204 imperatore,
1253 1122 1663 1205 Quintianus
1718 1120 1966 1186 Sicilie2
2012 1140 2231 1204 preses
2297 1130 2534 1203 captus
2586 1139 2813 1183 amore

597 1208 837 1271 nobilis
869 1219 1070 1289 atque
1101 1210 1368 1292 egregia
1400 1208 1614 1272 forma
1644 1209 1918 1291 virginis
1953 1207 2223 1289 Agathe
2258 1208 2320 1270 in
2354 1207 2513 1270 vrbe
2534 1206 2810 1280 Catana,

403 1314 554 1357 cum
620 1295 832 1377 ipsam
897 1294 1344 1359 Christianam
1407 1316 1571 1372 esse,
1621 1306 1691 1358 et
1740 1305 1969 1358 sancte
2020 1294 2336 1377 pudicitie
2384 1294 2810 1377 cognouisset

405 1382 550 1463 capi
583 1402 730 1444 eam
766 1382 946 1445 iubet
979 1393 1283 1465 pretenta
1314 1383 1802 1466 superstitionis
1833 1402 2052 1447 causa.
2149 1381 2508 1464 Ipsamque
2542 1381 2807 1463 Aphro-

401 1468 564 1531 disie
621 1469 886 1533 cuidam
950 1480 1204 1551 septem
1262 1469 1544 1532 filiarum
1597 1469 2013 1532 meretricum
2071 1469 2265 1531 matri
2316 1478 2383 1530 et
2436 1467 2580 1530 lene
2629 1469 2804 1550 turpi

399 1556 879 1619 consuetudine
925 1555 1426 1638 deprauandam
1479 1556 1701 1634 tradit,
1756 1555 1892 1620 Sed
1949 1566 2097 1638 post
2144 1554 2321 1618 diem
2377 1555 2807 1635 trigesimum,

402 1662 553 1704 cum
620 1642 894 1724 Agatha
955 1644 1391 1706 meretriciam
1455 1642 1934 1726 turpitudinem
2015 1641 2226 1705 multo
2308 1643 2520 1724 magis
2594 1662 2804 1705 exosa

402 1730 691 1791 sanctior
722 1751 798 1792 ac
831 1731 896 1792 in
929 1730 1170 1792 virtute
1201 1731 1613 1793 constantior
1645 1731 1992 1813 persistere
2039 1730 2476 1805 nunciaretur,
2532 1729 2807 1812 produci

401 1814 684 1878 eandem
719 1817 803 1879 ad
837 1837 923 1879 se.
1017 1816 1442 1898 Quintianus,
1473 1828 1838 1900 optareque
1885 1817 2085 1893 iubet,
2132 1815 2259 1896 dijs
2309 1836 2393 1878 ne
2442 1815 2805 1879 sacrificare

404 1903 649 1979 mallet,
679 1924 764 1966 an
799 1904 1123 1986 supplicia
1157 1905 1452 1985 ingentia
1483 1905 1718 1968 subire.
1811 1903 1960 1987 Que
2010 1924 2161 1967 cum
2217 1902 2413 1965 nullis
2464 1902 2804 1985 supplicijs

397 2010 437 2051 a
471 1990 601 2052 fide
634 1990 876 2054 Christi
910 2012 981 2053 se
1007 2012 1202 2073 posse
1227 2012 1576 2055 summoue
1601 1992 2123 2073 rirespondisset,
2146 1990 2357 2072 alapis
2380 1990 2805 2053 vehementer

394 2097 544 2139 cesa
598 2077 664 2140 in
715 2098 1042 2140 carcerem
1105 2077 1434 2142 truditur.³
1523 2078 1628 2141 Ac
1692 2078 2008 2160 postridie
2068 2097 2218 2140 cum
2280 2076 2516 2140 eodem
2578 2077 2804 2140 animo

396 2176 859 2245 perseueraret,
891 2166 956 2226 in
990 2166 1217 2228 eculeo
1250 2167 1577 2229 cruciatur
1608 2176 1782 2228 torta
1815 2166 2120 2247 primum,
2150 2185 2227 2226 ac
2253 2163 2493 2226 deinde
2513 2164 2804 2226 abscissa

398 2252 709 2315 mamilla.
831 2251 985 2333 Quo
1063 2254 1545 2335 patientissime
1620 2252 1921 2328 tolerate,
1999 2262 2149 2334 post
2222 2251 2399 2313 diem
2491 2261 2800 2332 quartum

392 2340 605 2401 acutis
637 2338 912 2414 testuliS,
933 2350 999 2401 et
1031 2340 1408 2402 substratis*
1441 2340 1836 2403 carbonibus
1870 2340 2232 2422 imponitur
2260 2362 2273 2400 :
2323 2358 2401 2401 ac
2449 2338 2801 2401 volutatur.

399 2424 549 2487 Hoc
596 2425 756 2488 dum
792 2425 990 2500 fieret,
1027 2447 1309 2508 magnus
1341 2438 1735 2490 terremotus
1766 2427 1991 2490 vrbem
2025 2426 2375 2501 concussit,
2406 2445 2540 2506 quo
2588 2427 2800 2508 paries

393 2532 721 2588 corruenS‚
755 2512 1082 2576 Siluinum
1117 2523 1184 2576 et
1220 2514 1608 2577 Falconium
1668 2513 1943 2596 presidis
1997 2512 2400 2575 domesticos
2454 2513 2799 2594 oppressit.

396 2598 633 2681 Itaque
693 2601 871 2663 ciues
933 2600 1168 2664 timore
1230 2601 1508 2684 perculsi
1573 2622 1820 2683 magno
1868 2600 2156 2663 clamore
2211 2600 2275 2661 in
2329 2597 2798 2681 Quintianum⁵

392 2686 712 2749 damnata
787 2687 928 2751 eius
1005 2689 1066 2750 in
1138 2689 1462 2771 virginem
1532 2690 1783 2764 seuitia,
1855 2688 2286 2751 concitantur.
2379 2688 2570 2750 Tunc
2640 2707 2796 2749 vero

397 2773 672 2855 Agatha
705 2775 770 2837 in
804 2795 1131 2837 carcerem
1167 2775 1412 2839 retrudi
1448 2776 1709 2839 iubetur
1755 2795 1890 2857 quo
1938 2795 2089 2837 cum
2140 2784 2314 2837 esset
2365 2775 2796 2836 semimortua

394 2859 680 2933 reducta.
714 2863 912 2924 deum
945 2872 1016 2924 vt
1051 2883 1238 2924 suam
1275 2864 1569 2925 animam
1629 2864 1945 2945 reciperet
1999 2871 2283 2944 precata,
2336 2882 2424 2924 ex
2480 2861 2603 2923 hac
2659 2862 2794 2923 vita

392 2947 703 3029 migrauit
734 2950 926 3011 nonis
963 2949 1016 3010 F
1019 2949 1319 3031 ebruarij.

1463 3086 1709 3151 Gratia.

402 3195 699 3324 DEus,
729 3198 843 3278 qui
878 3198 1047 3260 inter
1095 3209 1312 3261 cetera
1369 3201 1667 3281 potentie
1720 3208 1833 3261 tue
1884 3197 2201 3260 miracula
2247 3197 2449 3259 etiam
2507 3198 2571 3259 in
2623 3217 2791 3259 sexu

583 3283 794 3365 fragili
826 3285 1169 3349 victoriam
1227 3285 1521 3367 martyrij
1571 3286 1948 3348 contulisti:
1996 3284 2287 3347 concede
2333 3285 2674 3367 propitiuS,
2721 3294 2795 3347 vt

386 3370 571 3519 {nius
633 3371 936 3435 natalitia
997 3373 1295 3449 colimuS,
1359 3393 1474 3455 per
1533 3373 1674 3436 eius
1734 3373 1820 3437 ad
1883 3382 1949 3435 te
2003 3371 2318 3454 exempla
2366 3371 2790 3454 gradiamur:

443 3477 528 3521 er.

802 3602 868 3672 (Ι
918 3597 979 3659 Α
990 3597 1263 3660 dauctus
1291 3607 1354 3661 et
1380 3595 1926 3678 soczjmartyres.⁶
2014 3597 2226 3660 Lectio
2257 3595 2369 3677 jej.

393 3709 823 3838 TEmpore
859 3709 1279 3786 Diocletiani,
1302 3720 1368 3772 et
1405 3710 1804 3773 Maximiani
1852 3711 2324 3792 imperatorum
2375 3709 2671 3771 seuiente
2721 3709 2786 3773 in

572 3795 983 3861 Christianos
1058 3798 1514 3879 persecutione
1586 3798 1821 3860 ciuitas
1895 3796 2184 3878 quedam
2279 3796 2583 3878 Phrygie,
2660 3816 2790 3877 que

389 3883 652 3965 publice
712 3893 779 3945 et
841 3904 1088 3965 magno
1163 3885 1406 3946 ciuium
1483 3886 1782 3947 omnium
1861 3903 2188 3946 consensu
2266 3881 2509 3946 Christi
2588 3882 2786 3946 fidem

388 3969 835 4052 profitebatur,
871 3991 1020 4033 cum
1057 3970 1238 4033 nulla
1287 3973 1540 4034 ratione
1594 3970 1835 4033 adduci
1892 3980 2153 4053 posset:
2204 3981 2276 4033 vt
2324 3969 2485 4032 deos
2538 3969 2789 4033 alienos

387 4056 712 4131 adoraret,
744 4058 1013 4120 obsessa
1047 4058 1132 4120 ab
1162 4058 1516 4140 impiorum
1550 4058 1866 4133 exercitu,
1898 4058 2201 4120 vniuersa
2232 4057 2374 4119 sine
2404 4057 2538 4119 vllo
2585 4077 2787 4120 sexus

388 4154 504 4206 aut
534 4146 731 4208 etatis
762 4144 1141 4207 discrimine
1174 4145 1562 4214 incenditur.
1612 4154 1801 4207 tanta
1851 4145 2204 4227 impiorum
2261 4143 2668 4221 crudelitate,
2716 4154 2786 4207 vt

388 4231 605 4294 nullus
666 4231 940 4294 omnino
1003 4233 1165 4295 ciuis
1227 4231 1378 4294 huic
1441 4232 1615 4294 vrbis
1669 4232 2032 4295 calamitati
2086 4231 2492 4313 superfuerit.
2585 4231 2788 4295 Cuius

475 4364 493 4396 ¹
528 4367 610 4417 die
637 4378 679 4431 5.
711 4368 767 4415 in
791 4385 855 4417 m.
1678 4365 1701 4397 ²
1734 4367 1950 4418 Silieiae:
1985 4367 2063 4430 63.

476 4430 497 4459 ³
531 4433 828 4482 retruditur:
866 4432 944 4496 38.
1684 4433 1705 4462 ⁴
1737 4433 2054 4483 substractis:
2092 4447 2170 4497 39.
2242 4433 2537 4484 subtractis:
2572 4445 2649 4494 49.

474 4495 496 4525 ³
529 4498 926 4560 Quintilianum:
963 4511 1042 4561 43.
1682 4496 1703 4528 ⁶
1735 4498 1817 4547 die
1841 4510 1886 4559 7.
1916 4501 1973 4546 in
1998 4516 2063 4549 m.
