<?xml version="1.0" encoding="UTF-8"?>
<!DOCTYPE html PUBLIC "-//W3C//DTD XHTML 1.0 Transitional//EN"
    "http://www.w3.org/TR/xhtml1/DTD/xhtml1-transitional.dtd">
<html xmlns="http://www.w3.org/1999/xhtml" xml:lang="en" lang="en">
 <head>
  <title>
</title>
<meta http-equiv="Content-Type" content="text/html;charset=utf-8" />
  <meta name='ocr-system' content='tesseract 3.04.00' />
  <meta name='ocr-capabilities' content='ocr_page ocr_carea ocr_par ocr_line ocrx_word'/>
</head>
<body>
  <div class='ocr_page' id='page_1' title='image "./secondrecension00legggoog_0238.png"; bbox 0 0 3293 5225; ppageno 0'>
   <div class='ocr_carea' id='block_1_1' title="bbox 556 441 2227 502">
    <p class='ocr_par' dir='ltr' id='par_1_1' title="bbox 556 441 2227 502">
     <span class='ocr_line' id='line_1_1' title="bbox 556 441 2227 502; baseline 0.002 -12"><span class='ocrx_word' id='word_1_1' title='bbox 556 441 649 502; x_wconf 77' lang='lat'><strong>164</strong></span> <span class='ocrx_word' id='word_1_2' title='bbox 1285 443 1381 492; x_wconf 88' lang='lat' dir='ltr'><strong>IN</strong></span> <span class='ocrx_word' id='word_1_3' title='bbox 1405 443 1641 492; x_wconf 69' lang='lat' dir='ltr'><em>FESTO</em></span> <span class='ocrx_word' id='word_1_4' title='bbox 1678 443 2227 494; x_wconf 82' lang='lat' dir='ltr'><em>I‘ENTECOSTES.</em></span> 
     </span>
    </p>
   </div>
   <div class='ocr_carea' id='block_1_2' title="bbox 1102 646 2411 722">
    <p class='ocr_par' dir='ltr' id='par_1_2' title="bbox 1102 646 2411 722">
     <span class='ocr_line' id='line_1_2' title="bbox 1102 646 2411 722; baseline 0.001 -13"><span class='ocrx_word' id='word_1_5' title='bbox 1102 652 1167 722; x_wconf 66' lang='lat'><strong>(1</strong></span> <span class='ocrx_word' id='word_1_6' title='bbox 1214 646 1435 710; x_wconf 82' lang='lat' dir='ltr'><strong>Tertia</strong></span> <span class='ocrx_word' id='word_1_7' title='bbox 1474 647 1655 710; x_wconf 82' lang='lat' dir='ltr'><strong>lectio</strong></span> <span class='ocrx_word' id='word_1_8' title='bbox 1683 648 2030 710; x_wconf 80' lang='lat' dir='ltr'><strong>secundum</strong></span> <span class='ocrx_word' id='word_1_9' title='bbox 2061 646 2411 711; x_wconf 68' lang='grc' dir='ltr'><strong>[οιτηηενη.1</strong></span> 
     </span>
    </p>
   </div>
   <div class='ocr_carea' id='block_1_3' title="bbox 559 769 2962 1028">
    <p class='ocr_par' dir='ltr' id='par_1_3' title="bbox 559 769 2962 1028">
     <span class='ocr_line' id='line_1_3' title="bbox 568 769 2962 897; baseline 0 -65"><span class='ocrx_word' id='word_1_10' title='bbox 568 769 700 897; x_wconf 84' lang='lat' dir='ltr'><strong>IN</strong></span> <span class='ocrx_word' id='word_1_11' title='bbox 737 769 851 832; x_wconf 93' lang='lat' dir='ltr'><strong>illo</strong></span> <span class='ocrx_word' id='word_1_12' title='bbox 884 781 1184 854; x_wconf 87' lang='lat' dir='ltr'><strong>tempore</strong></span> <span class='ocrx_word' id='word_1_13' title='bbox 1214 794 1227 833; x_wconf 90' lang='lat'><strong>:</strong></span> <span class='ocrx_word' id='word_1_14' title='bbox 1263 771 1459 834; x_wconf 85' lang='lat' dir='ltr'>Dixit</span> <span class='ocrx_word' id='word_1_15' title='bbox 1497 771 1684 834; x_wconf 90' lang='lat' dir='ltr'><strong>Iesus</strong></span> <span class='ocrx_word' id='word_1_16' title='bbox 1716 771 2058 854; x_wconf 85' lang='lat' dir='ltr'><strong>discipulis</strong></span> <span class='ocrx_word' id='word_1_17' title='bbox 2090 772 2266 835; x_wconf 89' lang='lat' dir='ltr'><strong>suis:</strong></span> <span class='ocrx_word' id='word_1_18' title='bbox 2303 771 2373 836; x_wconf 88' lang='lat' dir='ltr'><strong>Si</strong></span> <span class='ocrx_word' id='word_1_19' title='bbox 2409 772 2557 853; x_wconf 90' lang='lat' dir='ltr'><strong>quis</strong></span> <span class='ocrx_word' id='word_1_20' title='bbox 2579 771 2795 853; x_wconf 87' lang='lat' dir='ltr'><strong>diligit</strong></span> <span class='ocrx_word' id='word_1_21' title='bbox 2835 790 2962 844; x_wconf 91' lang='lat' dir='ltr'><strong>me,</strong></span> 
     </span>
     <span class='ocr_line' id='line_1_4' title="bbox 680 857 2958 941; baseline -0 -21"><span class='ocrx_word' id='word_1_22' title='bbox 680 877 1053 920; x_wconf 90' lang='lat' dir='ltr'><strong>sermonem</strong></span> <span class='ocrx_word' id='word_1_23' title='bbox 1089 879 1308 921; x_wconf 91' lang='lat' dir='ltr'><strong>meum</strong></span> <span class='ocrx_word' id='word_1_24' title='bbox 1345 859 1656 935; x_wconf 88' lang='lat' dir='ltr'><strong>seruabit‚</strong></span> <span class='ocrx_word' id='word_1_25' title='bbox 1691 859 1780 921; x_wconf 88' lang='lat' dir='ltr'><strong>Et</strong></span> <span class='ocrx_word' id='word_1_26' title='bbox 1814 870 2001 940; x_wconf 90' lang='lat' dir='ltr'><strong>pater</strong></span> <span class='ocrx_word' id='word_1_27' title='bbox 2033 879 2216 921; x_wconf 75' lang='lat' dir='ltr'><strong>meus</strong></span> <span class='ocrx_word' id='word_1_28' title='bbox 2250 857 2482 941; x_wconf 89' lang='lat' dir='ltr'><strong>diliget</strong></span> <span class='ocrx_word' id='word_1_29' title='bbox 2511 878 2661 921; x_wconf 92' lang='lat' dir='ltr'><strong>eum</strong></span> <span class='ocrx_word' id='word_1_30' title='bbox 2691 882 2704 920; x_wconf 76' lang='grc' dir='ltr'>ε</span> <span class='ocrx_word' id='word_1_31' title='bbox 2754 867 2820 920; x_wconf 91' lang='lat' dir='ltr'><strong>et</strong></span> <span class='ocrx_word' id='word_1_32' title='bbox 2873 859 2958 920; x_wconf 92' lang='lat' dir='ltr'><strong>ad</strong></span> 
     </span>
     <span class='ocr_line' id='line_1_5' title="bbox 559 945 2907 1028; baseline -0 -21"><span class='ocrx_word' id='word_1_33' title='bbox 559 964 711 1007; x_wconf 91' lang='lat' dir='ltr'><strong>eum</strong></span> <span class='ocrx_word' id='word_1_34' title='bbox 745 945 1108 1020; x_wconf 81' lang='lat' dir='ltr'><strong>veniemuS,</strong></span> <span class='ocrx_word' id='word_1_35' title='bbox 1140 956 1206 1009; x_wconf 89' lang='lat' dir='ltr'><strong>et</strong></span> <span class='ocrx_word' id='word_1_36' title='bbox 1240 947 1656 1009; x_wconf 85' lang='lat' dir='ltr'><strong>mansionem</strong></span> <span class='ocrx_word' id='word_1_37' title='bbox 1693 947 1869 1028; x_wconf 90' lang='lat' dir='ltr'><strong>apud</strong></span> <span class='ocrx_word' id='word_1_38' title='bbox 1903 967 2054 1008; x_wconf 89' lang='lat' dir='ltr'><strong>eum</strong></span> <span class='ocrx_word' id='word_1_39' title='bbox 2092 945 2423 1009; x_wconf 88' lang='lat' dir='ltr'><strong>faciemus.</strong></span> <span class='ocrx_word' id='word_1_40' title='bbox 2517 946 2609 1007; x_wconf 82' lang='lat' dir='ltr'><strong>Et</strong></span> <span class='ocrx_word' id='word_1_41' title='bbox 2642 945 2907 1025; x_wconf 91' lang='lat' dir='ltr'><strong>reliqua.</strong></span> 
     </span>
    </p>
   </div>
   <div class='ocr_carea' id='block_1_4' title="bbox 1158 1115 2332 1198">
    <p class='ocr_par' dir='ltr' id='par_1_4' title="bbox 1158 1115 2332 1198">
     <span class='ocr_line' id='line_1_6' title="bbox 1158 1115 2332 1198; baseline 0.001 -20"><span class='ocrx_word' id='word_1_42' title='bbox 1158 1122 1224 1191; x_wconf 71' lang='grc' dir='ltr'><strong>ΙΙ</strong></span> <span class='ocrx_word' id='word_1_43' title='bbox 1262 1115 1340 1178; x_wconf 84' lang='lat' dir='ltr'><em>H</em></span> <span class='ocrx_word' id='word_1_44' title='bbox 1334 1115 1561 1178; x_wconf 84' lang='lat' dir='ltr'><strong>omilia</strong></span> <span class='ocrx_word' id='word_1_45' title='bbox 1589 1116 1805 1178; x_wconf 79' lang='lat' dir='ltr'><strong>sancti</strong></span> <span class='ocrx_word' id='word_1_46' title='bbox 1836 1115 1896 1178; x_wconf 84' lang='lat' dir='ltr'><em>G</em></span> <span class='ocrx_word' id='word_1_47' title='bbox 1898 1116 2144 1198; x_wconf 73' lang='lat' dir='ltr'><strong>regomj</strong></span> <span class='ocrx_word' id='word_1_48' title='bbox 2152 1127 2332 1197; x_wconf 79' lang='lat' dir='ltr'><strong>pape.</strong></span> 
     </span>
    </p>
   </div>
   <div class='ocr_carea' id='block_1_5' title="bbox 543 1238 2959 2974">
    <p class='ocr_par' dir='ltr' id='par_1_5' title="bbox 543 1238 2959 2974">
     <span class='ocr_line' id='line_1_7' title="bbox 566 1238 2959 1368; baseline 0 -68"><span class='ocrx_word' id='word_1_49' title='bbox 566 1238 833 1368; x_wconf 83' lang='lat' dir='ltr'><strong>LIbet</strong></span> <span class='ocrx_word' id='word_1_50' title='bbox 897 1240 1126 1303; x_wconf 89' lang='lat' dir='ltr'><strong>fratres</strong></span> <span class='ocrx_word' id='word_1_51' title='bbox 1191 1240 1316 1302; x_wconf 91' lang='lat' dir='ltr'><strong>mei</strong></span> <span class='ocrx_word' id='word_1_52' title='bbox 1382 1240 1750 1302; x_wconf 84' lang='lat' dir='ltr'><strong>charissimi</strong></span> <span class='ocrx_word' id='word_1_53' title='bbox 1801 1241 2185 1321; x_wconf 90' lang='lat' dir='ltr'><strong>euangelice</strong></span> <span class='ocrx_word' id='word_1_54' title='bbox 2233 1239 2431 1302; x_wconf 91' lang='lat' dir='ltr'><strong>verba</strong></span> <span class='ocrx_word' id='word_1_55' title='bbox 2483 1238 2785 1302; x_wconf 88' lang='lat' dir='ltr'><strong>lectionis</strong></span> <span class='ocrx_word' id='word_1_56' title='bbox 2835 1239 2959 1301; x_wconf 87' lang='lat' dir='ltr'><strong>sub</strong></span> 
     </span>
     <span class='ocr_line' id='line_1_8' title="bbox 725 1327 2958 1409; baseline 0 -21"><span class='ocrx_word' id='word_1_57' title='bbox 725 1327 1050 1389; x_wconf 88' lang='lat' dir='ltr'><strong>breuitate</strong></span> <span class='ocrx_word' id='word_1_58' title='bbox 1081 1336 1520 1390; x_wconf 80' lang='lat' dir='ltr'><strong>transcurrere</strong></span> <span class='ocrx_word' id='word_1_59' title='bbox 1550 1350 1562 1388; x_wconf 90' lang='lat'>:</span> <span class='ocrx_word' id='word_1_60' title='bbox 1607 1336 1679 1390; x_wconf 85' lang='lat' dir='ltr'><strong>vt</strong></span> <span class='ocrx_word' id='word_1_61' title='bbox 1711 1337 1863 1408; x_wconf 85' lang='lat' dir='ltr'><strong>post</strong></span> <span class='ocrx_word' id='word_1_62' title='bbox 1896 1329 2144 1389; x_wconf 90' lang='lat' dir='ltr'><strong>diutius</strong></span> <span class='ocrx_word' id='word_1_63' title='bbox 2183 1327 2376 1390; x_wconf 89' lang='lat' dir='ltr'><strong>liceat</strong></span> <span class='ocrx_word' id='word_1_64' title='bbox 2428 1328 2493 1388; x_wconf 90' lang='lat' dir='ltr'><strong>in</strong></span> <span class='ocrx_word' id='word_1_65' title='bbox 2547 1327 2958 1409; x_wconf 90' lang='lat' dir='ltr'><strong>contempla-</strong></span> 
     </span>
     <span class='ocr_line' id='line_1_9' title="bbox 554 1413 2958 1495; baseline 0 -21"><span class='ocrx_word' id='word_1_66' title='bbox 554 1413 734 1475; x_wconf 85' lang='lat' dir='ltr'><strong>tione</strong></span> <span class='ocrx_word' id='word_1_67' title='bbox 765 1422 954 1476; x_wconf 90' lang='lat' dir='ltr'><strong>tante</strong></span> <span class='ocrx_word' id='word_1_68' title='bbox 984 1413 1401 1476; x_wconf 87' lang='lat' dir='ltr'><strong>solennitatis</strong></span> <span class='ocrx_word' id='word_1_69' title='bbox 1436 1415 1790 1477; x_wconf 87' lang='lat' dir='ltr'><strong>immorari.</strong></span> <span class='ocrx_word' id='word_1_70' title='bbox 1845 1414 2069 1476; x_wconf 85' lang='lat' dir='ltr'><strong>Hodie</strong></span> <span class='ocrx_word' id='word_1_71' title='bbox 2102 1434 2368 1495; x_wconf 86' lang='lat' dir='ltr'><strong>nanque</strong></span> <span class='ocrx_word' id='word_1_72' title='bbox 2401 1415 2669 1495; x_wconf 86' lang='lat' dir='ltr'><strong>spiritus</strong></span> <span class='ocrx_word' id='word_1_73' title='bbox 2690 1424 2958 1477; x_wconf 90' lang='lat' dir='ltr'><strong>sanctus</strong></span> 
     </span>
     <span class='ocr_line' id='line_1_10' title="bbox 551 1501 2955 1583; baseline 0 -21"><span class='ocrx_word' id='word_1_74' title='bbox 551 1501 898 1581; x_wconf 91' lang='lat' dir='ltr'><strong>repentino</strong></span> <span class='ocrx_word' id='word_1_75' title='bbox 929 1501 1149 1563; x_wconf 89' lang='lat' dir='ltr'><strong>sonitu</strong></span> <span class='ocrx_word' id='word_1_76' title='bbox 1183 1522 1381 1583; x_wconf 92' lang='lat' dir='ltr'><strong>super</strong></span> <span class='ocrx_word' id='word_1_77' title='bbox 1412 1501 1773 1582; x_wconf 83' lang='lat' dir='ltr'><strong>discipulos</strong></span> <span class='ocrx_word' id='word_1_78' title='bbox 1807 1502 1985 1564; x_wconf 86' lang='lat' dir='ltr'><strong>venit</strong></span> <span class='ocrx_word' id='word_1_79' title='bbox 2029 1512 2418 1582; x_wconf 88' lang='lat' dir='ltr'><strong>mentesque</strong></span> <span class='ocrx_word' id='word_1_80' title='bbox 2471 1502 2834 1563; x_wconf 89' lang='lat' dir='ltr'><strong>carnalium</strong></span> <span class='ocrx_word' id='word_1_81' title='bbox 2890 1501 2955 1562; x_wconf 87' lang='lat' dir='ltr'><strong>in</strong></span> 
     </span>
     <span class='ocr_line' id='line_1_11' title="bbox 549 1587 2957 1670; baseline -0 -20"><span class='ocrx_word' id='word_1_82' title='bbox 549 1587 649 1650; x_wconf 89' lang='lat' dir='ltr'><strong>sui</strong></span> <span class='ocrx_word' id='word_1_83' title='bbox 682 1607 976 1650; x_wconf 89' lang='lat' dir='ltr'><strong>amorem</strong></span> <span class='ocrx_word' id='word_1_84' title='bbox 1011 1589 1433 1669; x_wconf 90' lang='lat' dir='ltr'><strong>permutauit,</strong></span> <span class='ocrx_word' id='word_1_85' title='bbox 1467 1599 1533 1651; x_wconf 90' lang='lat' dir='ltr'><strong>et</strong></span> <span class='ocrx_word' id='word_1_86' title='bbox 1566 1589 1722 1650; x_wconf 90' lang='lat' dir='ltr'><strong>soris</strong></span> <span class='ocrx_word' id='word_1_87' title='bbox 1755 1589 2229 1670; x_wconf 88' lang='lat' dir='ltr'><strong>apparentibus</strong></span> <span class='ocrx_word' id='word_1_88' title='bbox 2263 1589 2505 1669; x_wconf 89' lang='lat' dir='ltr'><strong>linguis</strong></span> <span class='ocrx_word' id='word_1_89' title='bbox 2537 1588 2747 1670; x_wconf 86' lang='lat' dir='ltr'><strong>igneis</strong></span> <span class='ocrx_word' id='word_1_90' title='bbox 2780 1589 2957 1651; x_wconf 89' lang='lat' dir='ltr'><strong>intus</strong></span> 
     </span>
     <span class='ocr_line' id='line_1_12' title="bbox 552 1673 2955 1757; baseline 0.001 -22"><span class='ocrx_word' id='word_1_91' title='bbox 552 1673 727 1736; x_wconf 85' lang='lat' dir='ltr'><strong>sacta</strong></span> <span class='ocrx_word' id='word_1_92' title='bbox 760 1685 915 1737; x_wconf 90' lang='lat' dir='ltr'><strong>sunt</strong></span> <span class='ocrx_word' id='word_1_93' title='bbox 947 1676 1150 1737; x_wconf 88' lang='lat' dir='ltr'><strong>corda</strong></span> <span class='ocrx_word' id='word_1_94' title='bbox 1185 1674 1618 1738; x_wconf 88' lang='lat' dir='ltr'><strong>flammantia.</strong></span> <span class='ocrx_word' id='word_1_95' title='bbox 1741 1674 1919 1757; x_wconf 82' lang='lat' dir='ltr'><strong>Quia</strong></span> <span class='ocrx_word' id='word_1_96' title='bbox 1951 1678 2111 1738; x_wconf 93' lang='lat' dir='ltr'><strong>dum</strong></span> <span class='ocrx_word' id='word_1_97' title='bbox 2146 1676 2347 1737; x_wconf 90' lang='lat' dir='ltr'><strong>deum</strong></span> <span class='ocrx_word' id='word_1_98' title='bbox 2399 1676 2460 1737; x_wconf 90' lang='lat' dir='ltr'><strong>in</strong></span> <span class='ocrx_word' id='word_1_99' title='bbox 2499 1676 2669 1757; x_wconf 89' lang='lat' dir='ltr'><strong>ignis</strong></span> <span class='ocrx_word' id='word_1_100' title='bbox 2702 1675 2955 1737; x_wconf 86' lang='lat' dir='ltr'><strong>visione</strong></span> 
     </span>
     <span class='ocr_line' id='line_1_13' title="bbox 548 1761 2956 1844; baseline 0 -21"><span class='ocrx_word' id='word_1_101' title='bbox 548 1761 955 1843; x_wconf 86' lang='lat' dir='ltr'><strong>suscipiunt:</strong></span> <span class='ocrx_word' id='word_1_102' title='bbox 1004 1782 1120 1843; x_wconf 90' lang='lat' dir='ltr'><strong>per</strong></span> <span class='ocrx_word' id='word_1_103' title='bbox 1150 1782 1446 1824; x_wconf 92' lang='lat' dir='ltr'><strong>amorem</strong></span> <span class='ocrx_word' id='word_1_104' title='bbox 1481 1763 1773 1825; x_wconf 87' lang='lat' dir='ltr'><strong>suauiter</strong></span> <span class='ocrx_word' id='word_1_105' title='bbox 1803 1773 2117 1825; x_wconf 90' lang='lat' dir='ltr'><strong>arserunt.</strong></span> <span class='ocrx_word' id='word_1_106' title='bbox 2217 1762 2368 1843; x_wconf 87' lang='lat' dir='ltr'><strong>lpse</strong></span> <span class='ocrx_word' id='word_1_107' title='bbox 2401 1783 2664 1844; x_wconf 89' lang='lat' dir='ltr'><strong>nanque</strong></span> <span class='ocrx_word' id='word_1_108' title='bbox 2688 1763 2956 1844; x_wconf 88' lang='lat' dir='ltr'><strong>spiritus</strong></span> 
     </span>
     <span class='ocr_line' id='line_1_14' title="bbox 546 1848 2955 1930; baseline 0 -20"><span class='ocrx_word' id='word_1_109' title='bbox 546 1858 817 1911; x_wconf 90' lang='lat' dir='ltr'><strong>sanctus</strong></span> <span class='ocrx_word' id='word_1_110' title='bbox 849 1869 1037 1911; x_wconf 89' lang='lat' dir='ltr'><strong>amor</strong></span> <span class='ocrx_word' id='word_1_111' title='bbox 1067 1859 1184 1912; x_wconf 89' lang='lat' dir='ltr'><strong>est.</strong></span> <span class='ocrx_word' id='word_1_112' title='bbox 1233 1850 1433 1911; x_wconf 87' lang='lat' dir='ltr'><strong>Vnde</strong></span> <span class='ocrx_word' id='word_1_113' title='bbox 1464 1858 1531 1911; x_wconf 90' lang='lat' dir='ltr'><strong>et</strong></span> <span class='ocrx_word' id='word_1_114' title='bbox 1571 1849 1856 1911; x_wconf 88' lang='lat' dir='ltr'><strong>Ioannes</strong></span> <span class='ocrx_word' id='word_1_115' title='bbox 1888 1850 2050 1912; x_wconf 91' lang='lat' dir='ltr'><strong>dicit</strong></span> <span class='ocrx_word' id='word_1_116' title='bbox 2079 1873 2092 1912; x_wconf 89' lang='lat'>:</span> <span class='ocrx_word' id='word_1_117' title='bbox 2128 1849 2312 1911; x_wconf 90' lang='lat' dir='ltr'><strong>Deus</strong></span> <span class='ocrx_word' id='word_1_118' title='bbox 2343 1849 2629 1911; x_wconf 90' lang='lat' dir='ltr'><strong>charitas</strong></span> <span class='ocrx_word' id='word_1_119' title='bbox 2654 1859 2770 1910; x_wconf 90' lang='lat' dir='ltr'><strong>est.</strong></span> <span class='ocrx_word' id='word_1_120' title='bbox 2821 1848 2955 1930; x_wconf 81' lang='lat' dir='ltr'><strong>Qui</strong></span> 
     </span>
     <span class='ocr_line' id='line_1_15' title="bbox 543 1934 2954 2018; baseline 0 -20"><span class='ocrx_word' id='word_1_121' title='bbox 543 1955 704 2017; x_wconf 87' lang='lat' dir='ltr'><strong>ergo</strong></span> <span class='ocrx_word' id='word_1_122' title='bbox 740 1945 962 1998; x_wconf 90' lang='lat' dir='ltr'><strong>mente</strong></span> <span class='ocrx_word' id='word_1_123' title='bbox 994 1936 1252 2018; x_wconf 90' lang='lat' dir='ltr'><strong>integra</strong></span> <span class='ocrx_word' id='word_1_124' title='bbox 1289 1936 1509 1998; x_wconf 90' lang='lat' dir='ltr'><strong>Deum</strong></span> <span class='ocrx_word' id='word_1_125' title='bbox 1544 1935 1896 2012; x_wconf 89' lang='lat' dir='ltr'><strong>desiderat,</strong></span> <span class='ocrx_word' id='word_1_126' title='bbox 1930 1935 2228 2018; x_wconf 89' lang='lat' dir='ltr'><strong>profecto</strong></span> <span class='ocrx_word' id='word_1_127' title='bbox 2273 1934 2430 1998; x_wconf 70' lang='lat' dir='ltr'><strong>2iarn</strong></span> <span class='ocrx_word' id='word_1_128' title='bbox 2481 1935 2709 1999; x_wconf 72' lang='lat' dir='ltr'><strong>habet2</strong></span> <span class='ocrx_word' id='word_1_129' title='bbox 2756 1956 2954 2017; x_wconf 90' lang='lat' dir='ltr'><strong>quem</strong></span> 
     </span>
     <span class='ocr_line' id='line_1_16' title="bbox 547 2023 2952 2106; baseline 0.001 -23"><span class='ocrx_word' id='word_1_130' title='bbox 547 2033 782 2085; x_wconf 76' lang='lat' dir='ltr'><strong>amat.</strong></span> <span class='ocrx_word' id='word_1_131' title='bbox 870 2023 1104 2104; x_wconf 91' lang='lat' dir='ltr'><strong>Neque</strong></span> <span class='ocrx_word' id='word_1_132' title='bbox 1164 2023 1341 2085; x_wconf 90' lang='lat' dir='ltr'><strong>enim</strong></span> <span class='ocrx_word' id='word_1_133' title='bbox 1404 2024 1757 2103; x_wconf 88' lang='lat' dir='ltr'><strong>quisquam</strong></span> <span class='ocrx_word' id='word_1_134' title='bbox 1809 2032 2034 2106; x_wconf 89' lang='lat' dir='ltr'><strong>posset</strong></span> <span class='ocrx_word' id='word_1_135' title='bbox 2083 2025 2301 2087; x_wconf 89' lang='lat' dir='ltr'><strong>Deum</strong></span> <span class='ocrx_word' id='word_1_136' title='bbox 2351 2023 2656 2104; x_wconf 87' lang='lat' dir='ltr'><strong>diligere:</strong></span> <span class='ocrx_word' id='word_1_137' title='bbox 2703 2024 2754 2085; x_wconf 90' lang='lat' dir='ltr'><strong>si</strong></span> <span class='ocrx_word' id='word_1_138' title='bbox 2802 2043 2952 2085; x_wconf 92' lang='lat' dir='ltr'><strong>eum</strong></span> 
     </span>
     <span class='ocr_line' id='line_1_17' title="bbox 545 2109 2957 2191; baseline -0 -19"><span class='ocrx_word' id='word_1_139' title='bbox 545 2129 744 2190; x_wconf 88' lang='lat' dir='ltr'><strong>quem</strong></span> <span class='ocrx_word' id='word_1_140' title='bbox 779 2110 996 2190; x_wconf 86' lang='lat' dir='ltr'><strong>diligit</strong></span> <span class='ocrx_word' id='word_1_141' title='bbox 1028 2130 1158 2172; x_wconf 90' lang='lat' dir='ltr'><strong>non</strong></span> <span class='ocrx_word' id='word_1_142' title='bbox 1187 2110 1477 2173; x_wconf 90' lang='lat' dir='ltr'><strong>haberet.</strong></span> <span class='ocrx_word' id='word_1_143' title='bbox 1527 2109 1661 2172; x_wconf 86' lang='lat' dir='ltr'><strong>Sed</strong></span> <span class='ocrx_word' id='word_1_144' title='bbox 1686 2131 1837 2172; x_wconf 88' lang='lat' dir='ltr'><strong>ecce</strong></span> <span class='ocrx_word' id='word_1_145' title='bbox 1867 2111 1920 2172; x_wconf 91' lang='lat' dir='ltr'><strong>si</strong></span> <span class='ocrx_word' id='word_1_146' title='bbox 1943 2111 2392 2191; x_wconf 86' lang='lat' dir='ltr'><strong>vnusquisque</strong></span> <span class='ocrx_word' id='word_1_147' title='bbox 2423 2119 2713 2173; x_wconf 91' lang='lat' dir='ltr'><strong>vestrum</strong></span> <span class='ocrx_word' id='word_1_148' title='bbox 2742 2110 2957 2191; x_wconf 90' lang='lat' dir='ltr'><strong>requi-</strong></span> 
     </span>
     <span class='ocr_line' id='line_1_18' title="bbox 546 2195 2956 2278; baseline 0 -20"><span class='ocrx_word' id='word_1_149' title='bbox 546 2198 710 2259; x_wconf 89' lang='lat' dir='ltr'><strong>ritur</strong></span> <span class='ocrx_word' id='word_1_150' title='bbox 740 2217 823 2259; x_wconf 93' lang='lat' dir='ltr'><strong>an</strong></span> <span class='ocrx_word' id='word_1_151' title='bbox 869 2197 1103 2278; x_wconf 85' lang='lat' dir='ltr'><strong>diligat</strong></span> <span class='ocrx_word' id='word_1_152' title='bbox 1153 2197 1394 2272; x_wconf 90' lang='lat' dir='ltr'><strong>Deum,</strong></span> <span class='ocrx_word' id='word_1_153' title='bbox 1440 2206 1582 2259; x_wconf 92' lang='lat' dir='ltr'><strong>tota</strong></span> <span class='ocrx_word' id='word_1_154' title='bbox 1631 2195 1872 2260; x_wconf 87' lang='lat' dir='ltr'><strong>fiducia</strong></span> <span class='ocrx_word' id='word_1_155' title='bbox 1916 2208 1983 2259; x_wconf 89' lang='lat' dir='ltr'><strong>et</strong></span> <span class='ocrx_word' id='word_1_156' title='bbox 2031 2217 2260 2260; x_wconf 90' lang='lat' dir='ltr'><strong>secura</strong></span> <span class='ocrx_word' id='word_1_157' title='bbox 2308 2208 2533 2259; x_wconf 89' lang='lat' dir='ltr'><strong>mente</strong></span> <span class='ocrx_word' id='word_1_158' title='bbox 2578 2196 2956 2278; x_wconf 87' lang='lat' dir='ltr'><strong>respondet,</strong></span> 
     </span>
     <span class='ocr_line' id='line_1_19' title="bbox 546 2283 2956 2367; baseline 0 -21"><span class='ocrx_word' id='word_1_159' title='bbox 546 2283 767 2365; x_wconf 84' lang='lat' dir='ltr'><strong>diligo.</strong></span> <span class='ocrx_word' id='word_1_160' title='bbox 864 2283 889 2345; x_wconf 89' lang='lat'>1</span> <span class='ocrx_word' id='word_1_161' title='bbox 901 2305 940 2346; x_wconf 92' lang='lat' dir='ltr'><strong>n</strong></span> <span class='ocrx_word' id='word_1_162' title='bbox 976 2285 1120 2366; x_wconf 92' lang='lat' dir='ltr'><strong>ipso</strong></span> <span class='ocrx_word' id='word_1_163' title='bbox 1162 2293 1385 2346; x_wconf 87' lang='lat' dir='ltr'><strong>autem</strong></span> <span class='ocrx_word' id='word_1_164' title='bbox 1438 2284 1738 2347; x_wconf 89' lang='lat' dir='ltr'><strong>lectionis</strong></span> <span class='ocrx_word' id='word_1_165' title='bbox 1793 2285 2074 2347; x_wconf 85' lang='lat' dir='ltr'><strong>exordio</strong></span> <span class='ocrx_word' id='word_1_166' title='bbox 2127 2285 2404 2347; x_wconf 89' lang='lat' dir='ltr'><strong>audistis</strong></span> <span class='ocrx_word' id='word_1_167' title='bbox 2432 2307 2444 2345; x_wconf 91' lang='lat'>:</span> <span class='ocrx_word' id='word_1_168' title='bbox 2499 2284 2658 2367; x_wconf 92' lang='lat' dir='ltr'><strong>quid</strong></span> <span class='ocrx_word' id='word_1_169' title='bbox 2716 2285 2956 2347; x_wconf 88' lang='lat' dir='ltr'><strong>veritas</strong></span> 
     </span>
     <span class='ocr_line' id='line_1_20' title="bbox 547 2369 2954 2452; baseline 0 -20"><span class='ocrx_word' id='word_1_170' title='bbox 547 2369 737 2432; x_wconf 85' lang='lat' dir='ltr'><strong>dixit.</strong></span> <span class='ocrx_word' id='word_1_171' title='bbox 832 2369 901 2434; x_wconf 87' lang='lat' dir='ltr'><strong>Si</strong></span> <span class='ocrx_word' id='word_1_172' title='bbox 936 2371 1083 2451; x_wconf 91' lang='lat' dir='ltr'><strong>quis</strong></span> <span class='ocrx_word' id='word_1_173' title='bbox 1116 2371 1334 2452; x_wconf 91' lang='lat' dir='ltr'><strong>diligit</strong></span> <span class='ocrx_word' id='word_1_174' title='bbox 1370 2391 1493 2446; x_wconf 90' lang='lat' dir='ltr'><strong>me,</strong></span> <span class='ocrx_word' id='word_1_175' title='bbox 1526 2391 1904 2434; x_wconf 87' lang='lat' dir='ltr'><strong>sermonem</strong></span> <span class='ocrx_word' id='word_1_176' title='bbox 1940 2391 2163 2433; x_wconf 92' lang='lat' dir='ltr'><strong>meum</strong></span> <span class='ocrx_word' id='word_1_177' title='bbox 2219 2371 2526 2434; x_wconf 89' lang='lat' dir='ltr'><strong>seruabit.</strong></span> <span class='ocrx_word' id='word_1_178' title='bbox 2643 2371 2954 2433; x_wconf 88' lang='lat' dir='ltr'><strong>Probatio</strong></span> 
     </span>
     <span class='ocr_line' id='line_1_21' title="bbox 546 2457 2952 2540; baseline 0 -21"><span class='ocrx_word' id='word_1_179' title='bbox 546 2477 704 2540; x_wconf 89' lang='lat' dir='ltr'><strong>ergo</strong></span> <span class='ocrx_word' id='word_1_180' title='bbox 736 2457 1108 2520; x_wconf 90' lang='lat' dir='ltr'><strong>dilectionis</strong></span> <span class='ocrx_word' id='word_1_181' title='bbox 1140 2458 1468 2521; x_wconf 86' lang='lat' dir='ltr'><strong>exhibitio</strong></span> <span class='ocrx_word' id='word_1_182' title='bbox 1500 2468 1600 2520; x_wconf 87' lang='lat' dir='ltr'><strong>est</strong></span> <span class='ocrx_word' id='word_1_183' title='bbox 1631 2458 1863 2539; x_wconf 77' lang='lat' dir='ltr'><strong>operis,</strong></span> <span class='ocrx_word' id='word_1_184' title='bbox 1962 2459 2139 2520; x_wconf 91' lang='lat' dir='ltr'><strong>Hinc</strong></span> <span class='ocrx_word' id='word_1_185' title='bbox 2173 2457 2267 2520; x_wconf 78' lang='lat' dir='ltr'><strong>in⁸</strong></span> <span class='ocrx_word' id='word_1_186' title='bbox 2300 2458 2581 2539; x_wconf 85' lang='lat' dir='ltr'><strong>epistola</strong></span> <span class='ocrx_word' id='word_1_187' title='bbox 2611 2479 2733 2521; x_wconf 90' lang='lat' dir='ltr'><strong>sua</strong></span> <span class='ocrx_word' id='word_1_188' title='bbox 2777 2459 2952 2521; x_wconf 89' lang='lat' dir='ltr'><strong>idem</strong></span> 
     </span>
     <span class='ocr_line' id='line_1_22' title="bbox 552 2544 2951 2627; baseline 0 -21"><span class='ocrx_word' id='word_1_189' title='bbox 552 2544 836 2607; x_wconf 89' lang='lat' dir='ltr'><strong>Ioannes</strong></span> <span class='ocrx_word' id='word_1_190' title='bbox 868 2545 1043 2608; x_wconf 91' lang='lat' dir='ltr'><strong>dicit.</strong></span> <span class='ocrx_word' id='word_1_191' title='bbox 1137 2544 1270 2627; x_wconf 78' lang='lat' dir='ltr'><strong>Qui</strong></span> <span class='ocrx_word' id='word_1_192' title='bbox 1303 2545 1464 2608; x_wconf 89' lang='lat' dir='ltr'><strong>dicit</strong></span> <span class='ocrx_word' id='word_1_193' title='bbox 1495 2546 1651 2626; x_wconf 89' lang='lat' dir='ltr'><strong>quia</strong></span> <span class='ocrx_word' id='word_1_194' title='bbox 1685 2546 1891 2627; x_wconf 88' lang='lat' dir='ltr'><strong>diligo</strong></span> <span class='ocrx_word' id='word_1_195' title='bbox 1923 2548 2142 2621; x_wconf 87' lang='lat' dir='ltr'><strong>deum,</strong></span> <span class='ocrx_word' id='word_1_196' title='bbox 2174 2556 2239 2607; x_wconf 90' lang='lat' dir='ltr'><strong>et</strong></span> <span class='ocrx_word' id='word_1_197' title='bbox 2276 2545 2594 2607; x_wconf 89' lang='lat' dir='ltr'><strong>mandata</strong></span> <span class='ocrx_word' id='word_1_198' title='bbox 2630 2547 2769 2608; x_wconf 87' lang='lat' dir='ltr'><strong>eius</strong></span> <span class='ocrx_word' id='word_1_199' title='bbox 2820 2566 2951 2607; x_wconf 90' lang='lat' dir='ltr'><strong>non</strong></span> 
     </span>
     <span class='ocr_line' id='line_1_23' title="bbox 544 2632 2956 2716; baseline 0 -21"><span class='ocrx_word' id='word_1_200' title='bbox 544 2632 853 2707; x_wconf 86' lang='lat' dir='ltr'><strong>custodit,</strong></span> <span class='ocrx_word' id='word_1_201' title='bbox 889 2634 1182 2695; x_wconf 85' lang='lat' dir='ltr'><strong>mendax</strong></span> <span class='ocrx_word' id='word_1_202' title='bbox 1216 2640 1333 2694; x_wconf 87' lang='lat' dir='ltr'><strong>est.</strong></span> <span class='ocrx_word' id='word_1_203' title='bbox 1426 2633 1601 2695; x_wconf 89' lang='lat' dir='ltr'><strong>Vere</strong></span> <span class='ocrx_word' id='word_1_204' title='bbox 1634 2635 1880 2695; x_wconf 90' lang='lat' dir='ltr'><strong>etenim</strong></span> <span class='ocrx_word' id='word_1_205' title='bbox 1917 2633 2137 2696; x_wconf 89' lang='lat' dir='ltr'><strong>Deum</strong></span> <span class='ocrx_word' id='word_1_206' title='bbox 2171 2633 2526 2716; x_wconf 86' lang='lat' dir='ltr'><strong>diligimus,</strong></span> <span class='ocrx_word' id='word_1_207' title='bbox 2560 2633 2613 2695; x_wconf 93' lang='lat' dir='ltr'><strong>si</strong></span> <span class='ocrx_word' id='word_1_208' title='bbox 2637 2634 2956 2696; x_wconf 86' lang='lat' dir='ltr'><strong>mandata</strong></span> 
     </span>
     <span class='ocr_line' id='line_1_24' title="bbox 546 2720 2951 2802; baseline 0.001 -22"><span class='ocrx_word' id='word_1_209' title='bbox 546 2720 685 2782; x_wconf 87' lang='lat' dir='ltr'><strong>eius</strong></span> <span class='ocrx_word' id='word_1_210' title='bbox 717 2721 1128 2783; x_wconf 85' lang='lat' dir='ltr'><strong>custodimus</strong></span> <span class='ocrx_word' id='word_1_211' title='bbox 1160 2720 1212 2782; x_wconf 91' lang='lat' dir='ltr'><strong>si</strong></span> <span class='ocrx_word' id='word_1_212' title='bbox 1247 2740 1367 2781; x_wconf 90' lang='lat' dir='ltr'><strong>nos</strong></span> <span class='ocrx_word' id='word_1_213' title='bbox 1400 2741 1437 2781; x_wconf 94' lang='lat' dir='ltr'><strong>a</strong></span> <span class='ocrx_word' id='word_1_214' title='bbox 1471 2720 1711 2781; x_wconf 87' lang='lat' dir='ltr'><strong>nostris</strong></span> <span class='ocrx_word' id='word_1_215' title='bbox 1743 2720 2195 2802; x_wconf 87' lang='lat' dir='ltr'><strong>voluptatibus</strong></span> <span class='ocrx_word' id='word_1_216' title='bbox 2227 2721 2687 2783; x_wconf 67' lang='lat' dir='ltr'><strong>coarctamus*</strong></span> <span class='ocrx_word' id='word_1_217' title='bbox 2777 2721 2951 2783; x_wconf 92' lang='lat' dir='ltr'><strong>Nam</strong></span> 
     </span>
     <span class='ocr_line' id='line_1_25' title="bbox 546 2806 2953 2889; baseline 0.001 -21"><span class='ocrx_word' id='word_1_218' title='bbox 546 2808 658 2887; x_wconf 90' lang='lat' dir='ltr'><strong>qui</strong></span> <span class='ocrx_word' id='word_1_219' title='bbox 692 2806 909 2869; x_wconf 91' lang='lat' dir='ltr'><strong>adhuc</strong></span> <span class='ocrx_word' id='word_1_220' title='bbox 941 2828 1059 2889; x_wconf 90' lang='lat' dir='ltr'><strong>per</strong></span> <span class='ocrx_word' id='word_1_221' title='bbox 1090 2807 1316 2869; x_wconf 91' lang='lat' dir='ltr'><strong>illicita</strong></span> <span class='ocrx_word' id='word_1_222' title='bbox 1350 2806 1677 2869; x_wconf 87' lang='lat' dir='ltr'><strong>desideria</strong></span> <span class='ocrx_word' id='word_1_223' title='bbox 1709 2806 1941 2870; x_wconf 90' lang='lat' dir='ltr'><strong>defluit</strong></span> <span class='ocrx_word' id='word_1_224' title='bbox 1979 2807 2274 2889; x_wconf 89' lang='lat' dir='ltr'><strong>profecto</strong></span> <span class='ocrx_word' id='word_1_225' title='bbox 2330 2809 2529 2869; x_wconf 90' lang='lat' dir='ltr'><strong>deum</strong></span> <span class='ocrx_word' id='word_1_226' title='bbox 2587 2828 2720 2869; x_wconf 90' lang='lat' dir='ltr'><strong>non</strong></span> <span class='ocrx_word' id='word_1_227' title='bbox 2772 2817 2953 2870; x_wconf 89' lang='lat' dir='ltr'><strong>amat</strong></span> 
     </span>
     <span class='ocr_line' id='line_1_26' title="bbox 547 2894 1874 2974; baseline 0 -18"><span class='ocrx_word' id='word_1_228' title='bbox 547 2894 701 2974; x_wconf 91' lang='lat' dir='ltr'><strong>quia</strong></span> <span class='ocrx_word' id='word_1_229' title='bbox 732 2894 818 2955; x_wconf 76' lang='lat' dir='ltr'><strong>ei5</strong></span> <span class='ocrx_word' id='word_1_230' title='bbox 850 2894 914 2956; x_wconf 94' lang='lat' dir='ltr'><strong>in</strong></span> <span class='ocrx_word' id='word_1_231' title='bbox 948 2914 1066 2956; x_wconf 91' lang='lat' dir='ltr'><strong>sua</strong></span> <span class='ocrx_word' id='word_1_232' title='bbox 1090 2894 1434 2956; x_wconf 85' lang='lat' dir='ltr'><strong>voluntate</strong></span> <span class='ocrx_word' id='word_1_233' title='bbox 1465 2895 1874 2956; x_wconf 89' lang='lat' dir='ltr'><strong>contradicit.</strong></span> 
     </span>
    </p>
   </div>
   <div class='ocr_carea' id='block_1_6' title="bbox 1496 3066 1980 3141">
    <p class='ocr_par' dir='ltr' id='par_1_6' title="bbox 1496 3066 1980 3141">
     <span class='ocr_line' id='line_1_27' title="bbox 1496 3066 1980 3141; baseline 0.006 -14"><span class='ocrx_word' id='word_1_234' title='bbox 1496 3071 1561 3141; x_wconf 79' lang='lat'><strong>([</strong></span> <span class='ocrx_word' id='word_1_235' title='bbox 1595 3067 1656 3127; x_wconf 84' lang='grc' dir='ltr'><em>Α</em></span> <span class='ocrx_word' id='word_1_236' title='bbox 1668 3066 1720 3128; x_wconf 83' lang='lat' dir='ltr'><strong>a’</strong></span> <span class='ocrx_word' id='word_1_237' title='bbox 1741 3067 1980 3130; x_wconf 84' lang='lat' dir='ltr'><strong>laudes.</strong></span> 
     </span>
    </p>
   </div>
   <div class='ocr_carea' id='block_1_7' title="bbox 550 3191 2956 3360">
    <p class='ocr_par' dir='ltr' id='par_1_7' title="bbox 550 3191 2956 3360">
     <span class='ocr_line' id='line_1_28' title="bbox 683 3191 2956 3273; baseline 0.002 -21"><span class='ocrx_word' id='word_1_238' title='bbox 683 3191 1074 3271; x_wconf 76' lang='lat' dir='ltr'><strong>Antz&#39;pltona.</strong></span> <span class='ocrx_word' id='word_1_239' title='bbox 1167 3192 1475 3273; x_wconf 86' lang='lat' dir='ltr'><strong>Accipite</strong></span> <span class='ocrx_word' id='word_1_240' title='bbox 1514 3191 1819 3271; x_wconf 87' lang='lat' dir='ltr'><strong>spiritum</strong></span> <span class='ocrx_word' id='word_1_241' title='bbox 1860 3201 2189 3267; x_wconf 89' lang='lat' dir='ltr'><strong>sanctum,</strong></span> <span class='ocrx_word' id='word_1_242' title='bbox 2239 3212 2518 3272; x_wconf 89' lang='lat' dir='ltr'><strong>quorum</strong></span> <span class='ocrx_word' id='word_1_243' title='bbox 2575 3194 2956 3256; x_wconf 87' lang='lat' dir='ltr'><strong>remiseritis</strong></span> 
     </span>
     <span class='ocr_line' id='line_1_29' title="bbox 550 3278 1763 3360; baseline 0 -20"><span class='ocrx_word' id='word_1_244' title='bbox 550 3288 824 3360; x_wconf 88' lang='lat' dir='ltr'><strong>peccata</strong></span> <span class='ocrx_word' id='word_1_245' title='bbox 858 3278 1280 3341; x_wconf 89' lang='lat' dir='ltr'><strong>remittuntur</strong></span> <span class='ocrx_word' id='word_1_246' title='bbox 1312 3280 1405 3341; x_wconf 86' lang='lat' dir='ltr'><strong>eis</strong></span> <span class='ocrx_word' id='word_1_247' title='bbox 1437 3278 1763 3341; x_wconf 87' lang='lat' dir='ltr'><strong>halleluia.</strong></span> 
     </span>
    </p>
   </div>
   <div class='ocr_carea' id='block_1_8' title="bbox 686 3445 1914 3649">
    <p class='ocr_par' dir='ltr' id='par_1_8' title="bbox 686 3445 1914 3649">
     <span class='ocr_line' id='line_1_30' title="bbox 1646 3445 1889 3510; baseline -0.012 0"><span class='ocrx_word' id='word_1_248' title='bbox 1646 3445 1889 3510; x_wconf 80' lang='lat' dir='ltr'><strong>Oratio.</strong></span> 
     </span>
     <span class='ocr_line' id='line_1_31' title="bbox 686 3566 1914 3649; baseline -0.001 -20"><span class='ocrx_word' id='word_1_249' title='bbox 686 3568 868 3629; x_wconf 89' lang='lat' dir='ltr'><strong>Deus</strong></span> <span class='ocrx_word' id='word_1_250' title='bbox 901 3568 1014 3649; x_wconf 89' lang='lat' dir='ltr'><strong>qui</strong></span> <span class='ocrx_word' id='word_1_251' title='bbox 1047 3566 1416 3631; x_wconf 81' lang='lat' dir='ltr'><strong>hodierna.⁶</strong></span> <span class='ocrx_word' id='word_1_252' title='bbox 1446 3577 1553 3630; x_wconf 84' lang='lat' dir='ltr'><strong>etc.</strong></span> <span class='ocrx_word' id='word_1_253' title='bbox 1590 3577 1663 3629; x_wconf 83' lang='lat' dir='ltr'><strong>vt</strong></span> <span class='ocrx_word' id='word_1_254' title='bbox 1699 3577 1914 3647; x_wconf 81' lang='lat' dir='ltr'><strong>supra.</strong></span> 
     </span>
    </p>
   </div>
   <div class='ocr_carea' id='block_1_9' title="bbox 1303 3736 2185 3817">
    <p class='ocr_par' dir='ltr' id='par_1_9' title="bbox 1303 3736 2185 3817">
     <span class='ocr_line' id='line_1_32' title="bbox 1303 3736 2185 3817; baseline 0.001 -19"><span class='ocrx_word' id='word_1_255' title='bbox 1303 3742 1368 3812; x_wconf 79' lang='lat'><strong>([</strong></span> <span class='ocrx_word' id='word_1_256' title='bbox 1401 3737 1462 3798; x_wconf 84' lang='lat' dir='ltr'><em>A</em></span> <span class='ocrx_word' id='word_1_257' title='bbox 1473 3737 1526 3798; x_wconf 88' lang='lat' dir='ltr'><strong>d</strong></span> <span class='ocrx_word' id='word_1_258' title='bbox 1548 3748 1839 3817; x_wconf 78' lang='lat' dir='ltr'><strong>vesperas</strong></span> <span class='ocrx_word' id='word_1_259' title='bbox 1865 3736 1944 3798; x_wconf 86' lang='lat' dir='ltr'><em>H</em></span> <span class='ocrx_word' id='word_1_260' title='bbox 1927 3757 2185 3816; x_wconf 83' lang='lat' dir='ltr'><strong>ymnus.</strong></span> 
     </span>
    </p>
   </div>
   <div class='ocr_carea' id='block_1_10' title="bbox 552 3866 2956 4297">
    <p class='ocr_par' dir='ltr' id='par_1_10' title="bbox 682 3866 1623 3945">
     <span class='ocr_line' id='line_1_33' title="bbox 682 3866 1623 3945; baseline 0.001 -17"><span class='ocrx_word' id='word_1_261' title='bbox 682 3866 856 3929; x_wconf 90' lang='lat' dir='ltr'><strong>Veni</strong></span> <span class='ocrx_word' id='word_1_262' title='bbox 889 3876 1146 3930; x_wconf 89' lang='lat' dir='ltr'><strong>creator</strong></span> <span class='ocrx_word' id='word_1_263' title='bbox 1175 3877 1278 3928; x_wconf 82' lang='lat' dir='ltr'><strong>etc.</strong></span> <span class='ocrx_word' id='word_1_264' title='bbox 1313 3875 1385 3927; x_wconf 84' lang='lat' dir='ltr'><strong>vt</strong></span> <span class='ocrx_word' id='word_1_265' title='bbox 1410 3876 1623 3945; x_wconf 76' lang='lat' dir='ltr'><strong>supra.</strong></span> 
     </span>
    </p>

    <p class='ocr_par' dir='ltr' id='par_1_11' title="bbox 552 3950 2956 4297">
     <span class='ocr_line' id='line_1_34' title="bbox 682 3950 2956 4036; baseline -0 -19"><span class='ocrx_word' id='word_1_266' title='bbox 682 3953 1077 4036; x_wconf 64' lang='lat' dir='ltr'><strong>Antzphona.</strong></span> <span class='ocrx_word' id='word_1_267' title='bbox 1176 3953 1399 4015; x_wconf 90' lang='lat' dir='ltr'><strong>Hodie</strong></span> <span class='ocrx_word' id='word_1_268' title='bbox 1433 3950 1774 4035; x_wconf 84' lang='lat' dir='ltr'><strong>completi⁷</strong></span> <span class='ocrx_word' id='word_1_269' title='bbox 1807 3962 1961 4015; x_wconf 91' lang='lat' dir='ltr'><strong>sunt</strong></span> <span class='ocrx_word' id='word_1_270' title='bbox 1993 3954 2134 4015; x_wconf 92' lang='lat' dir='ltr'><strong>dies</strong></span> <span class='ocrx_word' id='word_1_271' title='bbox 2168 3963 2585 4035; x_wconf 90' lang='lat' dir='ltr'><strong>pentecostes</strong></span> <span class='ocrx_word' id='word_1_272' title='bbox 2628 3955 2956 4025; x_wconf 82' lang='lat' dir='ltr'><strong>halleluia,</strong></span> 
     </span>
     <span class='ocr_line' id='line_1_35' title="bbox 552 4040 2956 4123; baseline -0 -19"><span class='ocrx_word' id='word_1_273' title='bbox 552 4042 751 4104; x_wconf 91' lang='lat' dir='ltr'><strong>hodie</strong></span> <span class='ocrx_word' id='word_1_274' title='bbox 782 4043 1049 4123; x_wconf 89' lang='lat' dir='ltr'><strong>spiritus</strong></span> <span class='ocrx_word' id='word_1_275' title='bbox 1082 4052 1351 4104; x_wconf 85' lang='lat' dir='ltr'><strong>sanctus</strong></span> <span class='ocrx_word' id='word_1_276' title='bbox 1385 4041 1448 4101; x_wconf 93' lang='lat' dir='ltr'><strong>in</strong></span> <span class='ocrx_word' id='word_1_277' title='bbox 1497 4041 1645 4120; x_wconf 89' lang='lat' dir='ltr'><strong>igne</strong></span> <span class='ocrx_word' id='word_1_278' title='bbox 1699 4040 2039 4122; x_wconf 89' lang='lat' dir='ltr'><strong>discipulis</strong></span> <span class='ocrx_word' id='word_1_279' title='bbox 2092 4041 2417 4122; x_wconf 86' lang='lat' dir='ltr'><strong>apparuit,</strong></span> <span class='ocrx_word' id='word_1_280' title='bbox 2465 4051 2532 4104; x_wconf 91' lang='lat' dir='ltr'><strong>et</strong></span> <span class='ocrx_word' id='word_1_281' title='bbox 2581 4042 2810 4104; x_wconf 88' lang='lat' dir='ltr'><strong>tribuit</strong></span> <span class='ocrx_word' id='word_1_282' title='bbox 2863 4044 2956 4103; x_wconf 83' lang='lat' dir='ltr'><strong>eis</strong></span> 
     </span>
     <span class='ocr_line' id='line_1_36' title="bbox 553 4128 2955 4209; baseline 0 -18"><span class='ocrx_word' id='word_1_283' title='bbox 553 4129 1023 4192; x_wconf 88' lang='lat' dir='ltr'><strong>charismatum</strong></span> <span class='ocrx_word' id='word_1_284' title='bbox 1060 4129 1237 4191; x_wconf 85' lang='lat' dir='ltr'><strong>dona</strong></span> <span class='ocrx_word' id='word_1_285' title='bbox 1266 4129 1441 4190; x_wconf 89' lang='lat' dir='ltr'><strong>misit</strong></span> <span class='ocrx_word' id='word_1_286' title='bbox 1476 4147 1587 4188; x_wconf 85' lang='lat' dir='ltr'><strong>eos</strong></span> <span class='ocrx_word' id='word_1_287' title='bbox 1621 4129 1685 4188; x_wconf 92' lang='lat' dir='ltr'><strong>in</strong></span> <span class='ocrx_word' id='word_1_288' title='bbox 1713 4128 2093 4189; x_wconf 81' lang='lat' dir='ltr'><strong>vniucrsum</strong></span> <span class='ocrx_word' id='word_1_289' title='bbox 2129 4128 2450 4189; x_wconf 89' lang='lat' dir='ltr'><strong>mundum</strong></span> <span class='ocrx_word' id='word_1_290' title='bbox 2487 4129 2842 4209; x_wconf 89' lang='lat' dir='ltr'><strong>predicare,</strong></span> <span class='ocrx_word' id='word_1_291' title='bbox 2889 4139 2955 4191; x_wconf 89' lang='lat' dir='ltr'><strong>et</strong></span> 
     </span>
     <span class='ocr_line' id='line_1_37' title="bbox 554 4213 2952 4297; baseline -0 -19"><span class='ocrx_word' id='word_1_292' title='bbox 554 4214 903 4278; x_wconf 88' lang='lat' dir='ltr'><strong>testificari.</strong></span> <span class='ocrx_word' id='word_1_293' title='bbox 999 4215 1131 4297; x_wconf 81' lang='lat' dir='ltr'><strong>Qui</strong></span> <span class='ocrx_word' id='word_1_294' title='bbox 1153 4213 1504 4277; x_wconf 85' lang='lat' dir='ltr'><strong>crediderit</strong></span> <span class='ocrx_word' id='word_1_295' title='bbox 1528 4224 1593 4275; x_wconf 89' lang='lat' dir='ltr'><strong>et</strong></span> <span class='ocrx_word' id='word_1_296' title='bbox 1616 4214 1991 4296; x_wconf 80' lang='lat' dir='ltr'><strong>baptizatus</strong></span> <span class='ocrx_word' id='word_1_297' title='bbox 2021 4214 2211 4276; x_wconf 87' lang='lat' dir='ltr'><strong>fuerit</strong></span> <span class='ocrx_word' id='word_1_298' title='bbox 2238 4214 2459 4276; x_wconf 88' lang='lat' dir='ltr'><strong>saluus</strong></span> <span class='ocrx_word' id='word_1_299' title='bbox 2483 4216 2606 4278; x_wconf 88' lang='lat' dir='ltr'><strong>erit</strong></span> <span class='ocrx_word' id='word_1_300' title='bbox 2628 4214 2952 4277; x_wconf 86' lang='lat' dir='ltr'><strong>halleluia.</strong></span> 
     </span>
    </p>
   </div>
   <div class='ocr_carea' id='block_1_11' title="bbox 644 4365 2881 4564">
    <p class='ocr_par' dir='ltr' id='par_1_12' title="bbox 644 4365 2881 4564">
     <span class='ocr_line' id='line_1_38' title="bbox 646 4365 2489 4434; baseline 0.001 -14"><span class='ocrx_word' id='word_1_301' title='bbox 646 4369 662 4400; x_wconf 86' lang='lat'>¹</span> <span class='ocrx_word' id='word_1_302' title='bbox 700 4370 788 4420; x_wconf 86' lang='lat' dir='ltr'><strong>Ca.</strong></span> <span class='ocrx_word' id='word_1_303' title='bbox 825 4382 882 4430; x_wconf 89' lang='lat'><strong>14</strong></span> <span class='ocrx_word' id='word_1_304' title='bbox 908 4371 964 4416; x_wconf 77' lang='lat' dir='ltr'><strong>in</strong></span> <span class='ocrx_word' id='word_1_305' title='bbox 990 4385 1054 4416; x_wconf 86' lang='lat' dir='ltr'><strong>m.</strong></span> <span class='ocrx_word' id='word_1_306' title='bbox 1425 4365 1534 4404; x_wconf 70' lang='lat'>2—&#39;2</span> <span class='ocrx_word' id='word_1_307' title='bbox 1567 4368 1720 4417; x_wconf 51' lang='lat' dir='ltr'><strong>habet</strong></span> <span class='ocrx_word' id='word_1_308' title='bbox 1744 4369 1874 4418; x_wconf 78' lang='lat' dir='ltr'><strong>iam:</strong></span> <span class='ocrx_word' id='word_1_309' title='bbox 1913 4382 1990 4432; x_wconf 92' lang='lat'><strong>39.</strong></span> <span class='ocrx_word' id='word_1_310' title='bbox 2236 4372 2254 4397; x_wconf 64' lang='lat'><strong>³³</strong></span> <span class='ocrx_word' id='word_1_311' title='bbox 2288 4388 2380 4420; x_wconf 86' lang='lat' dir='ltr'><strong>om.</strong></span> <span class='ocrx_word' id='word_1_312' title='bbox 2412 4384 2489 4434; x_wconf 89' lang='lat'><strong>39.</strong></span> 
     </span>
     <span class='ocr_line' id='line_1_39' title="bbox 645 4431 2881 4496; baseline 0 -12"><span class='ocrx_word' id='word_1_313' title='bbox 645 4434 665 4465; x_wconf 74' lang='lat'><strong>⁴</strong></span> <span class='ocrx_word' id='word_1_314' title='bbox 698 4450 1040 4484; x_wconf 76' lang='lat' dir='ltr'><strong>coerceamus:</strong></span> <span class='ocrx_word' id='word_1_315' title='bbox 1078 4445 1155 4494; x_wconf 90' lang='lat'><strong>39.</strong></span> <span class='ocrx_word' id='word_1_316' title='bbox 1424 4431 1443 4461; x_wconf 59' lang='grc' dir='ltr'><strong>ὅ</strong></span> <span class='ocrx_word' id='word_1_317' title='bbox 1478 4443 1563 4483; x_wconf 83' lang='lat' dir='ltr'><strong>et:</strong></span> <span class='ocrx_word' id='word_1_318' title='bbox 1604 4444 1680 4494; x_wconf 89' lang='lat'><strong>39.</strong></span> <span class='ocrx_word' id='word_1_319' title='bbox 2239 4434 2259 4463; x_wconf 61' lang='grc' dir='ltr'>ὓ</span> <span class='ocrx_word' id='word_1_320' title='bbox 2293 4437 2404 4487; x_wconf 89' lang='lat' dir='ltr'><strong>die:</strong></span> <span class='ocrx_word' id='word_1_321' title='bbox 2442 4439 2552 4486; x_wconf 84' lang='lat' dir='ltr'><strong>add.</strong></span> <span class='ocrx_word' id='word_1_322' title='bbox 2584 4438 2662 4488; x_wconf 89' lang='lat'><strong>60.</strong></span> <span class='ocrx_word' id='word_1_323' title='bbox 2693 4438 2772 4487; x_wconf 89' lang='lat'><strong>61.</strong></span> <span class='ocrx_word' id='word_1_324' title='bbox 2804 4437 2881 4496; x_wconf 82' lang='grc'><strong>64.</strong></span> 
     </span>
     <span class='ocr_line' id='line_1_40' title="bbox 644 4498 1149 4564; baseline -0.01 -14"><span class='ocrx_word' id='word_1_325' title='bbox 644 4499 663 4531; x_wconf 83' lang='lat'>⁷</span> <span class='ocrx_word' id='word_1_326' title='bbox 698 4500 924 4564; x_wconf 87' lang='lat' dir='ltr'><strong>impleti:</strong></span> <span class='ocrx_word' id='word_1_327' title='bbox 963 4499 1041 4547; x_wconf 90' lang='lat'><strong>61.</strong></span> <span class='ocrx_word' id='word_1_328' title='bbox 1072 4498 1149 4557; x_wconf 81' lang='lat'><strong>64.</strong></span> 
     </span>
    </p>
   </div>
  </div>
 </body>
</html>
