3293 5225
685 386 790 449 384
1494 386 1583 434 CO
1585 383 1878 435 -ianNE
1920 384 2317 435 VIRGINUM.

823 538 961 600 Pro
977 537 1297 621 plunffbus
1330 536 1700 620 vzfflrgzmbus
1719 537 2090 619 antiphona.
2154 537 2521 601 Prudentes
2559 538 2854 619 virgines
2880 546 3059 621 aptate

687 636 942 689 vestras
968 626 1348 708 lampades:
1378 645 1533 688 ecce
1560 645 1845 707 sponsus
1867 625 2108 702 veniet
2112 623 2133 663 ¹
2165 626 2346 688 exite
2376 625 2658 688 obuiam
2695 625 2773 688 ei.

1335 785 1546 848 Lectio
1577 808 1656 869 ty
1655 787 2033 849 secundum
2069 786 2467 852 stlattlzeum.

704 912 835 1042 IN
873 911 987 974 illo
1032 920 1373 994 tempore:
1420 910 1618 974 Dixit
1672 910 1856 974 Iesus
1901 911 2247 993 discipulis
2293 912 2427 974 suis
2475 912 2876 994 parabolam
2920 912 3064 973 hanc.

819 998 1050 1063 Simile
1089 1010 1189 1060 est
1227 1018 1502 1079 regnum
1552 997 1843 1061 celorum
1879 1000 2112 1062 decem
2146 999 2511 1082 virginibus
2544 1020 2689 1081 que
2720 1000 3065 1080 accipientes

683 1086 1034 1168 lampades
1065 1106 1217 1149 suas
1246 1086 1553 1147 exierunt
1585 1084 1854 1148 obuiam
1888 1105 2136 1168 sponso
2167 1098 2234 1149 et
2266 1106 2529 1167 sponse.
2634 1087 2732 1149 Et
2764 1085 3005 1166 reliqua

1299 1252 1365 1322 (Ι
1410 1247 1713 1309 Homilia
1741 1248 1958 1309 sancti
1988 1247 2048 1310 G
2053 1249 2301 1330 regonj‘
2307 1259 2488 1330 pape.

695 1373 945 1505 SEpe
1020 1394 1137 1436 vos
1207 1373 1438 1436 fratres
1499 1373 1865 1435 charissimi
1929 1373 2265 1437 admoneo
2326 1393 2530 1456 praua
2598 1394 2814 1456 opera
2861 1372 3067 1455 sugere:

841 1461 1072 1524 mundi
1136 1461 1329 1523 huius
1375 1461 1882 1541 inquinamenta
1928 1461 2242 1524 deuitare.
2335 1460 2467 1524 Sed
2516 1461 2856 1524 hodierna
2901 1458 3065 1521 sancti

683 1548 1021 1630 euangelij
1059 1548 1342 1610 lectione
1373 1546 1739 1629 compellor
1769 1548 2005 1618 dicere,
2036 1558 2110 1609 vt
2139 1546 2234 1610 et²
2285 1547 2461 1610 bona
2515 1568 2658 1630 que
2711 1548 2906 1631 agitis
2951 1563 3063 1607 cum
3160 1553 3161 1558 ’

695 1655 940 1718 magna
971 1635 1230 1697 cautela
1264 1634 1564 1709 teneatis,
1596 1654 1681 1695 ne
1713 1653 1830 1715 per
1860 1635 1986 1696 hoc
2019 1635 2199 1716 quod
2233 1633 2300 1697 a³
2335 1634 2523 1698 vobis
2548 1646 2815 1698 rectum
2847 1633 3064 1716 geritur.

693 1722 881 1785 fauor
926 1731 1041 1785 aut
1073 1722 1363 1784 humana
1395 1721 1609 1803 gratia
1642 1721 2024 1802 requiratur.
2119 1722 2223 1784 Ne
2255 1724 2593 1804 appetitus
2630 1722 2852 1784 laudis
2886 1719 3062 1782 subre-

694 1820 826 1891 pat,
862 1820 928 1871 et
960 1809 1139 1890 quod
1173 1808 1330 1871 foris
1361 1808 1751 1884 ostenditur,
1795 1809 1973 1871 intus
2018 1829 2058 1870 a
2107 1811 2411 1872 mercede
2455 1820 2845 1872 euacuetur.
2932 1806 3065 1868 Ecce

685 1898 868 1959 enim
899 1895 1335 1977 redemptoris
1355 1915 1517 1958 voce
1542 1896 1773 1958 decem
1799 1896 2087 1976 virgines
2111 1906 2179 1957 et
2200 1916 2430 1958 omnes
2455 1897 2779 1959 dicuntur
2803 1895 3063 1976 virgines:

684 1994 758 2046 et
802 1994 1027 2046 tamen
1081 1984 1251 2045 intra
1305 1981 1735 2044 beatitudinis
1789 1982 2055 2043 ianuam
2112 2002 2246 2045 non
2311 2003 2544 2046 omnes
2608 1994 2877 2065 recepte
2931 1988 3062 2041 sunt.

693 2071 891 2170 Quia·
902 2090 1125 2132 earum
1160 2069 1445 2151 quedam
1480 2071 1638 2131 dum
1668 2070 1750 2131 de
1783 2070 2158 2150 virginitate
2189 2090 2308 2132 sua
2357 2070 2641 2153 gloriam
2700 2070 2858 2132 foris
2903 2083 3062 2145 expe·

689 2167 841 2220 tunt
875 2158 939 2219 in
966 2159 1140 2219 vasis
1159 2159 1293 2219 suis
1313 2157 1531 2218 oleum
1564 2155 1808 2218 habere
1840 2157 2211 2219 noluerunt.
2306 2156 2439 2220 Sed
2474 2159 2661 2237 prius
2694 2153 3057 2239 querendum

685 2243 880 2307 nobis
909 2253 1010 2306 est
1042 2243 1200 2325 quid
1231 2245 1318 2307 sit
1348 2243 1637 2305 celorum
1673 2263 1969 2325 regnum,
1998 2254 2248 2306 auteur
2279 2244 2509 2307 decem
2531 2244 2904 2327 virginibus
2925 2257 3061 2301 com·

690 2341 970 2413 paretur,
1026 2351 1155 2412 que
1215 2332 1416 2392 etiam
1465 2330 1751 2410 virgines
1797 2331 2154 2429 prudentes
2198 2331 2294 2393 et*
2342 2331 2517 2394 fatue
2570 2332 2885 2394 dicantur
2928 2326 3056 2389 Cum

681 2419 865 2481 enim
900 2418 1191 2480 celorum
1226 2437 1502 2498 regnum
1535 2427 1816 2493 constat,
1846 2419 1999 2497 quia
2024 2417 2449 2499 reproborum
2476 2418 2703 2482 nullus
2724 2412 3059 2498 ingreditur

689 2507 890 2568 etiam
927 2505 1125 2567 fatuis
1156 2504 1517 2584 virginibus
1550 2524 1665 2566 cur
1696 2504 1909 2567 simile
1940 2524 2082 2566 esse
2107 2504 2522 2585 perhibetur
2510 2511 2537 2552 ²
2588 2506 2732 2569 Sed
2764 2499 3054 2566 sciendum
3158 2535 3159 2548 η

686 2591 881 2655 nobis
912 2603 1047 2655 est:
1078 2592 1257 2674 quod
1289 2612 1446 2674 sepe
1479 2591 1541 2653 in
1576 2611 1764 2654 sacro
1795 2590 2059 2673 eloquio
2108 2611 2383 2673 regnum
2436 2592 2735 2657 celorum
2787 2595 3059 2674 presentls

683 2681 1004 2762 temporis
1036 2680 1313 2741 ccclesia
1344 2679 1585 2741 dicitur
1614 2680 1699 2741 de
1730 2699 1864 2760 quo
1897 2680 1960 2740 in
1986 2678 2118 2740 alio
2139 2679 2285 2741 loco
2309 2680 2621 2744 dominus
2645 2682 2843 2745 dicit:
2877 2676 3055 2739 Mittet
3158 2692 3159 2705 ¹

688 2767 862 2830 filius
910 2767 1197 2830 hominis
1237 2767 1512 2847 angelos
1565 2786 1756 2827 suos:
1809 2776 1874 2828 et
1924 2766 2237 2847 colligent
2288 2766 2371 2829 de
2424 2787 2632 2849 regno
2684 2769 2826 2830 eius
2876 2758 3055 2825 omnia

684 2854 1004 2917 scandala
1030 2854 1437 2935 nequeenim
1473 2853 1536 2914 in
1573 2851 1686 2914 illo
1718 2873 1922 2934 regno
1954 2853 2488 2930 beatitudini5,1n
2515 2875 2655 2936 quo
2680 2876 2817 2938 pax
2842 2862 3055 2913 summa

677 2952 803 3017 est,
836 2941 1113 3004 inueniri
1156 2939 1470 3003 scandala
1502 2949 1860 3022 potuerunt
1890 2959 2019 3021 que
2048 2939 2459 3021 colligantur.

1282 3069 1348 3139 (Ι
1379 3063 1567 3125 Alia5
1599 3064 1711 3145 jis.
1742 3063 1919 3125 lectio
1948 3084 2026 3125 ex
2051 3064 2116 3125 E
2117 3063 2501 3129 cclesiasttw.

821 3189 1171 3253 Onfitebor
1203 3189 1318 3252 tibi
1353 3188 1625 3251 domine
1659 3208 1775 3251 rex
1812 3198 1879 3251 et
1909 3182 2306 3251 collaudabo
2338 3200 2404 3253 te
2494 3240 2507 3254 .
2555 3241 2568 3254 .
2632 3241 2646 3254 .
2704 3242 2718 3254 .
2767 3179 3053 3276 Laudabit

846 3296 1052 3358 vsque
1078 3278 1162 3339 ad
1192 3286 1471 3338 mortem
1507 3277 1731 3337 anima
1765 3296 1914 3338 mea
1945 3277 2312 3353 dominum,
2345 3279 2666 3359 quoniam
2701 3275 2867 3340 eruis
2897 3278 3047 3332 susti-

683 3374 923 3427 nentes
944 3377 1026 3440 te‚
1052 3375 1119 3426 et
1152 3364 1387 3426 liberas
1419 3383 1533 3424 eos
1564 3362 1649 3425 de
1682 3383 1882 3425 manu
1914 3364 2219 3444 angustie
2254 3364 2543 3427 Domine
2576 3365 2744 3428 deus
2778 3373 2989 3426 noster.

1644 3534 1711 3604 (Ι
1760 3529 1882 3590 Ad
1903 3530 2140 3594 laudes,

818 3656 955 3718 Pro
1002 3676 1135 3716 vna
1187 3653 1442 3735 virgine
1491 3653 1861 3733 antiphona.
1978 3654 2126 3717 Hec
2175 3664 2276 3716 est
2330 3655 2518 3737 virgo
2563 3658 2845 3738 sapienS,
2885 3661 3042 3731 quam

680 3744 1001 3806 dominus
1033 3742 1416 3824 vigilantem
1454 3740 1721 3803 inuenit.

1208 3908 1274 3978 (Ι
1306 3903 1442 3964 Pro
1458 3902 1767 3984 pluribus
1786 3901 2179 3985 virginibuffl
2198 3903 2569 3985 antiphona.

822 4030 1262 4093 Adducentur
1293 4029 1428 4109 regi
1460 4029 1749 4110 virgines
1783 4038 1931 4110 post
1985 4049 2153 4105 eam,
2185 4029 2490 4110 proxime
2542 4031 2689 4092 eius
2743 4026 3045 4093 offerentur

680 4118 819 4181 tibi.

785 4304 798 4333 ¹
838 4305 1008 4353 venit:
1047 4317 1121 4366 39.
1152 4314 1245 4353 etc.
1989 4300 2012 4331 2
2043 4319 2138 4352 om.
2166 4315 2243 4365 43.

783 4370 804 4398 ³
836 4387 928 4417 om.
959 4382 1036 4429 41.
1991 4366 2203 4431 ⁴:quae
2240 4370 2351 4416 add.
2382 4368 2458 4431 38.
2491 4381 2568 4431 39.
2599 4382 2681 4430 41.

780 4434 803 4464 ⁵
836 4435 907 4495 [li.
945 4434 1049 4483 1-8.
1085 4436 1186 4497 12.]
1987 4430 2010 4462 ⁰
2041 4448 2133 4481 om.
2163 4446 2241 4496 39.
2271 4443 2366 4482 etc.

3146 4014 3159 4175 l

3144 4200 3157 4327 l
