3293 5225
1287 436 1626 487 LITANJA.
2567 451 2664 503 399

379 600 459 669 R.
507 593 891 658 Retribuere
923 590 1198 675 dignare
1229 589 1499 654 domine
1522 591 1834 654 omnibus
1854 591 2045 655 nobis
2068 591 2244 655 bona
2266 593 2658 657 facientibus

259 693 519 767 propter
549 700 794 744 nomen
827 688 1015 742 tuum
1048 679 1253 741 vitam
1286 686 1602 742 eternam.
1693 678 1936 743 Amen,

381 772 460 833 V.
510 768 798 833 Oremus
830 786 949 849 pro
982 764 1285 828 fidelibus
1317 763 1662 828 defunctis

379 860 457 929 R.
508 855 832 938 Requiem
858 862 1154 916 eternam
1188 851 1365 914 dona
1388 853 1483 914 eis
1505 851 1776 915 domine
1808 876 1821 915 :
1852 862 1920 916 et
1949 852 2069 916 lux
2095 863 2412 938 perpetua
2444 854 2661 920 luceat

253 945 364 1009 eis,
455 942 905 1024 Requiescant
936 941 1002 1002 in
1037 959 1216 1022 pace,
1306 941 1385 1011 R.
1431 938 1676 1002 Amen,

382 1032 461 1095 V.
510 1032 636 1094 Pro
669 1027 977 1091 fratribus
1010 1027 1249 1089 nostris
1282 1025 1683 1088 absentibus,

381 1121 459 1190 R,
509 1116 750 1181 Saluos
781 1114 885 1178 sac
915 1133 1141 1177 seruos
1172 1123 1322 1176 tuos
1352 1111 1517 1175 deus
1549 1133 1736 1176 meus
1767 1124 2109 1195 sperantes
2141 1114 2208 1178 in
2242 1125 2327 1179 te.

381 1207 463 1268 V.
513 1204 709 1267 Mitte
739 1203 834 1265 eis
865 1201 1136 1264 domine
1165 1198 1491 1263 auxilium
1525 1199 1610 1263 de
1643 1210 1894 1265 sancto,

381 1295 462 1365 R.
510 1291 602 1354 Et
633 1292 717 1353 de
749 1289 911 1354 Sion
945 1298 1128 1350 tuere
1157 1307 1289 1351 eos,

381 1380 461 1442 V,
510 1377 802 1440 Domine
831 1374 1077 1439 exaudi
1108 1375 1476 1436 orationem
1499 1394 1737 1438 meam.

382 1469 462 1538 R.
512 1465 602 1528 Et
632 1463 882 1527 clamor
912 1481 1100 1525 meus
1132 1461 1218 1524 ad
1250 1471 1317 1524 te
1347 1461 1591 1523 veniat.

1152 1634 1457 1699 OremuS.
1552 1633 1797 1699 Oratio,

268 1750 542 1880 DEus
586 1749 692 1813 cui
751 1748 1088 1832 proprium
1150 1759 1251 1810 est
1296 1747 1584 1810 misereri
1643 1767 1922 1831 semper,
1965 1757 2032 1811 et
2079 1768 2362 1831 parcere,
2407 1750 2668 1833 suscipe

428 1837 961 1920 deprecationem
983 1844 1278 1899 nostram
1314 1857 1327 1897 :
1357 1832 1448 1897 etl
1481 1854 1603 1897 nos
1633 1843 1704 1897 et
1732 1855 1966 1898 omnes
1990 1834 2276 1899 famulos
2306 1846 2474 1914 tuos,
2498 1857 2666 1921 quos

250 1923 638 1988 delictorum
681 1932 918 1986 catena
947 1922 1341 2002 constringit
1373 1945 1387 1983 :
1420 1922 1755 1984 miseratio
1786 1931 1899 1986 tue
1931 1923 2197 2005 pietatis
2227 1923 2550 1989 absoluat.

1342 2082 1587 2147 Oratio,

265 2198 618 2328 EXaudi
650 2216 1011 2279 quesumus
1044 2194 1313 2296 domine
1365 2193 1743 2294 supplicum
1771 2215 2008 2295 ‘preces
2042 2219 2055 2258 :
2084 2205 2153 2260 et
2200 2197 2661 2263 confitentium

421 2286 539 2349 tibi
590 2301 786 2367 parce
839 2292 1128 2365 peccatis
1160 2291 1275 2345 :vt
1330 2292 1573 2364 pariter
1601 2280 1820 2345 2n0b1s
1869 2281 2383 2366 indulgentiam²
2413 2286 2665 2350 tribuas

254 2372 599 2454 benignuS,
630 2381 698 2434 et
732 2390 985 2454 pacem.

1237 2502 1298 2565 A
1308 2501 1427 2565 lia³
1457 2504 1680 2569 oratio,

336 2618 735 2683 Neffabilem
816 2618 1007 2680 nobis
1082 2617 1354 2680 domine
1442 2616 1963 2681 misericordiam
2039 2627 2224 2682 tuam
2303 2620 2667 2686 clementer

358 2705 657 2783 ostende,
702 2715 771 2768 vt
803 2703 997 2767 simul
1030 2724 1151 2766 nos
1182 2714 1249 2768 et
1280 2724 1320 2766 a
1353 2705 1640 2786 peccatis
1672 2705 1985 2768 omnibus
2017 2726 2228 2769 exuas
2260 2731 2274 2770 ε
2304 2717 2372 2772 et
2404 2728 2444 2771 a
2475 2712 2663 2793 penis

248 2813 418 2876 quas
451 2813 570 2876 pro
603 2794 704 2856 his
738 2812 1066 2855 meremur
1099 2815 1111 2855 :
1143 2792 1400 2873 eripias,

1344 2926 1589 2992 Oratio,

266 3040 563 3171 DEus,
592 3042 705 3123 qui
737 3039 931 3141 culpa
954 3037 1349 3140 ‘offender-iS,
1380 3040 1745 3139 penitentia
1792 3039 2070 3122 placaris
2103 3065 2117 3104 :
2164 3062 2391 3125 preces
2437 3046 2663 3127 populi

429 3139 523 3191 tui
571 3127 1005 3211 supplicantis
1055 3135 1371 3209 propitius
1419 3146 1666 3209 respice
1700 3137 1812 3189 :et
1844 3126 2106 3209 flagella
2152 3138 2264 3192 tue
2309 3130 2665 3208 iracundie,

249 3235 382 3297 que
416 3236 534 3299 pro
567 3216 854 3298 peccatis
888 3214 1127 3277 nostris
1159 3234 1503 3289 meremur,
1534 3223 1779 3277 auerte.

1342 3375 1588 3440 Oratio,

253 3489 791 3621 OMnipotens
821 3489 1220 3571 sempiterne
1266 3486 1430 3550 deus
1461 3489 1773 3551 miserere
1817 3488 2047 3553 famuli
2079 3490 2174 3552 tui
2207 3510 2379 3574 pape
2411 3494 2617 3556 nostri
2653 3518 2666 3557 ε

427 3587 497 3641 et
540 3577 752 3659 dirige
796 3595 949 3639 eum
997 3573 1362 3637 secundum
1394 3584 1580 3638 tuam
1626 3574 2050 3639 clementiam
2100 3579 2164 3639 in
2212 3578 2386 3641 viam
2434 3579 2665 3643 salutis

245 3674 475 3727 eterne
537 3687 551 3727 ε
612 3678 683 3727 vt
743 3672 810 3726 te
884 3663 1179 3725 donante
1254 3661 1374 3724 tibi
1452 3660 1698 3744 placita
1758 3662 2000 3745 cupiat,
2075 3673 2144 3726 et
2206 3674 2349 3728 tota
2424 3666 2665 3730 virtute

248 3750 597 3834 proficiat*

1344 3883 1588 3949 Oratio,

265 3999 546 4129 DEus
606 4019 646 4061 a
697 4018 833 4080 quo
886 4006 1116 4060 sancta
1176 3997 1519 4072 desideria,
1553 3996 1760 4061 recto⁵
1819 3998 2114 4074 consilia,
2147 4008 2217 4062 et
2278 4001 2449 4064 iusta
2509 4013 2665 4066 sunt

430 4107 632 4170 opera
665 4087 797 4149 :da
841 4086 1046 4148 seruis
1092 4086 1223 4148 tuis
1253 4083 1455 4160 illam,
1485 4103 1690 4167 quam
1739 4085 2027 4149 mundus
2058 4085 2217 4149 dare
2262 4108 2396 4151 non
2445 4099 2667 4172 potest

246 4194 486 4256 pacem
524 4184 642 4237 :vt
704 4182 771 4236 et
829 4171 1030 4235 corda
1091 4181 1317 4235 nostra
1366 4170 1702 4234 mandatis
1750 4173 1881 4235 tuis
1934 4172 2163 4237 dedita
2198 4184 2312 4237 :et
2371 4175 2661 4241 hostium

244 4260 517 4323 sublata
547 4258 918 4336 formidine,
949 4268 1251 4340 tempora
1283 4259 1415 4321 sint
1447 4267 1562 4321 tua
1595 4259 2005 4341 protectione
2036 4260 2409 4343 tranquilla,

348 4369 367 4401 ¹
401 4382 486 4421 vt:
523 4383 601 4434 39.
630 4383 709 4432 41.
738 4383 817 4432 49.
847 4368 925 4419 60.
955 4368 1034 4433 63.

344 4434 453 4473 ⁸—ss
485 4436 630 4486 nobis
663 4444 713 4485 et
745 4435 1137 4499 indulgentiam:
1174 4432 1253 4498 38.
1325 4433 1687 4498 indulgentiam
1711 4434 1892 4486 nobis:
1929 4447 2009 4499 39.
2265 4434 2287 4467 ⁸
2318 4454 2412 4486 om.
2442 4450 2520 4502 39.
2549 4453 2630 4501 41.

345 4499 367 4532 ⁴
397 4502 653 4567 perficiat:
691 4513 768 4564 39.
797 4513 876 4562 41.
906 4515 984 4562 44.
1014 4513 1093 4562 49.
1121 4498 1200 4549 60.
1229 4498 1308 4549 61.
1338 4498 1417 4563 63.
1447 4497 1525 4561 64.
1999 4497 2023 4532 ⁸
2056 4509 2223 4552 recta:
2260 4501 2338 4566 38.
2366 4511 2460 4553 ete.
