3293 5225
591 486 683 520 212
852 474 1079 521 FERIA
1120 474 1226 521 ΙΙΙ.
1270 472 1706 521 DOMINJCAE
1742 473 1903 520 XIII.
1944 472 2137 521 POST
2163 473 2730 524 PENTECOSTEN.

1155 689 1457 751 Homilt’a
1484 689 1701 750 sancti
1726 689 1785 750 A
1797 689 2096 769 ugusttni
2123 687 2424 770 eptlvcopi}

601 799 797 931 DE
828 802 1059 864 decem
1094 801 1367 883 leprosis
1398 820 1566 882 quos
1597 800 1911 862 dominus
1941 801 2034 862 ita
2090 801 2454 876 mundanit,
2502 821 2655 863 cum
2705 802 2835 864 ait:
2890 802 2998 875 ite,

777 889 1109 952 ostendite
1140 909 1259 950 vos
1289 887 1743 950 sacerdotibus
1791 887 1974 968 queri
2031 898 2270 969 potest,
2320 908 2435 950 cur
2482 890 2565 951 ad
2617 889 2994 951 sacerdotes

584 997 698 1038 eos
732 977 982 1039 miserit
1009 996 1023 1038 ε
1074 986 1145 1038 vt
1194 995 1342 1037 cum
1400 975 1566 1036 irent
1618 974 2114 1036 mundarentur.
2207 975 2481 1037 Nullum
2532 977 2710 1038 enim
2764 995 2992 1038 eorum

581 1063 821 1144 quibus
841 1063 1206 1145 corporalia
1228 1063 1348 1124 hec
1374 1061 1694 1124 beneficia
1715 1061 2020 1142 prestitit,
2044 1062 2377 1125 inuenitur
2398 1063 2653 1125 misisse
2672 1063 2756 1125 ad
2783 1083 2992 1125 sacer-

580 1153 772 1213 dotes
806 1151 928 1212 nisi
960 1151 1270 1232 leprosos,
1362 1149 1539 1211 Nam
1571 1157 1639 1211 et
1673 1147 1858 1211 illum
1892 1169 1933 1210 a
1965 1148 2147 1231 lepra
2180 1149 2620 1212 mundauerat
2649 1151 2754 1212 cui
2800 1151 2992 1212 dixit.

579 1237 775 1300 Vade
797 1237 1074 1300 ostende
1100 1247 1165 1299 te
1185 1236 1511 1299 sacerdoti
1537 1259 1550 1297 :
1584 1246 1650 1298 et
1675 1234 1840 1298 offer
1862 1255 1983 1318 pro
2015 1246 2082 1298 te
2111 1236 2524 1313 sacrificium,
2556 1237 2737 1319 quod
2769 1257 2988 1319 prece-

579 1327 677 1406 pit
716 1326 988 1406 Moyses
1021 1325 1086 1386 in
1121 1323 1573 1387 testimonium
1634 1323 1778 1385 illis.
1870 1321 2301 1405 Querendum
2355 1333 2457 1386 est
2536 1325 2752 1406 igitur,
2801 1321 2988 1405 quid²

580 1414 725 1495 ipsa
759 1412 943 1494 lepra
997 1410 1339 1493 significet.
1440 1411 1497 1472 N
1506 1429 1592 1471 on
1644 1411 1822 1472 enim
1879 1411 2092 1472 sanati
2149 1409 2267 1473 sed
2320 1410 2624 1473 mundati
2680 1411 2990 1474 dicuntur

576 1500 691 1581 qui
723 1519 803 1561 ea
835 1508 1184 1561 caruerunt
1217 1497 1473 1561 Coloris
1505 1497 1754 1578 quippe
1784 1497 2018 1558 vitium
2062 1507 2165 1560 est
2219 1518 2349 1560 non
2403 1498 2821 1574 valetudiniS,
2875 1508 2991 1562 aut

576 1586 980 1669 integritatis
1040 1605 1351 1647 sensuum
1415 1593 1617 1665 atque
1679 1584 2145 1647 membrorum.
2271 1584 2548 1667 Leprosi
2620 1606 2780 1668 ergo
2853 1605 2984 1648 non

578 1674 862 1736 absurde
923 1672 1398 1754 intelliguntur.
1458 1673 1569 1751 qui
1634 1671 1977 1733 scientiam
2041 1692 2191 1734 vere
2253 1670 2406 1734 fidei
2468 1692 2601 1734 non
2649 1672 2990 1746 habenteS,

574 1761 791 1823 varias
823 1760 1158 1821 doctrinas
1190 1759 1583 1840 profitentur
1611 1759 1863 1821 erroris,
1961 1753 2195 1826 Nulla}
2217 1769 2415 1841 porro
2469 1758 2635 1822 salsa
2685 1759 2987 1821 doctrina

575 1858 675 1910 est
707 1868 836 1928 que
869 1867 999 1909 non
1034 1846 1255 1927 aliqua
1284 1866 1440 1907 vera
1465 1845 1928 1909 intermisceat.
2019 1846 2199 1908 Vera
2231 1867 2390 1928 ergo
2415 1845 2596 1909 salsis
2617 1847 2989 1910 inordinate

574 1935 930 2017 permixta,
962 1935 1028 1995 in
1059 1953 1191 1995 vna
1221 1933 1672 2014 disputatione
1705 1932 1806 1994 vel
1839 1934 2217 1995 narratione
2247 1933 2537 1996 hominis
2568 1944 2887 2014 tanquam
2923 1935 2987 1996 in

574 2025 767 2084 vnius
798 2021 1091 2103 corporis
1124 2020 1340 2082 colore
1373 2020 1760 2101 apparentia
1793 2020 2172 2101 significant
2204 2019 2456 2101 lepram
2479 2032 2801 2102 tanquam
2828 2041 2982 2082 ven-

576 2108 717 2171 tri33
764 2108 1078 2190 falsisque
1127 2107 1421 2169 colorum
1478 2106 1638 2168 locis
1691 2107 1985 2169 humana
2038 2127 2317 2189 corpora
2371 2109 2733 2171 variantem
2785 2117 2987 2189 atque

574 2196 1038 2258 maculantem.
1131 2193 1598 2258 Sacerdotum*
1642 2214 1799 2256 vero
1852 2194 2208 2256 Iudeorum
2260 2214 2460 2256 nemo
2508 2195 2640 2256 sere
2683 2194 2978 2257 fidelium

570 2283 832 2346 dubitat
866 2282 1142 2362 figuram
1177 2282 1376 2344 fuisse
1407 2281 1604 2342 futuri
1637 2281 1987 2362 sacerdotij
2024 2281 2260 2363 regalis
2289 2281 2470 2363 quod
2493 2292 2593 2345 est
2624 2284 2690 2344 in
2712 2283 2989 2344 ecclesia

572 2391 707 2452 quo
738 2380 1206 2432 consecrantur
1235 2388 1468 2430 omnes
1500 2368 1904 2449 pertinentes
1933 2370 2018 2430 ad
2053 2389 2293 2450 corpus
2325 2368 2568 2432 Christi
2601 2392 2612 2430 :
2645 2370 2887 2431 summi
2920 2379 2989 2431 et

568 2459 701 2520 veri
739 2456 1091 2539 principes5
1124 2453 1592 2517 sacerdotum.⁶

1652 2617 1894 2681 Oratio.

571 2724 1103 2854 OMnipotens
1146 2723 1548 2804 sempiterne
1594 2724 1759 2785 deus
1805 2723 1892 2784 da
1926 2722 2116 2784 nobis
2150 2723 2320 2823 fidei,
2353 2724 2512 2805 spei,
2544 2734 2610 2786 et
2643 2725 2983 2787 charitatis

759 2821 1236 2892 augmentum:
1284 2826 1350 2872 et
1396 2820 1469 2872 vt
1516 2829 1891 2871 mereamur
1936 2830 2198 2892 assequi
2248 2814 2428 2891 quod
2479 2812 2830 2893 promitti5‚
2879 2812 2979 2873 fac

568 2919 690 2961 nos
724 2919 947 2960 amare
980 2897 1161 2980 quod
1185 2897 1484 2979 precipiS,
1509 2916 1641 2978 per.

779 3080 847 3150 fl
879 3074 1077 3136 Feria
1107 3073 1382 3135 secunda
1413 3072 1725 3153 exprimo
1757 3070 1944 3134 libr-0⁷
1975 3073 2277 3154 Regum.⁸
2309 3074 2518 3137 Lectio
2535 3074 2809 3156 ῥνίηινα.9

581 3187 783 3337 ETI
801 3186 961 3336 Scaul
996 3184 1390 3248 confirmato
1424 3205 1629 3267 regno
1661 3205 1860 3268 super
1897 3187 2096 3249 Israel
2234 3187 2463 3251 decem
2489 3189 2668 3250 milia
2691 3191 2978 3253 virorum

794 3297 832 3337 u
885 3295 939 3336 a.

1117 3441 1181 3509 (Ι
1218 3435 1584 3496 Secundum
1616 3434 2063 3496 Affattlzeum.¹⁰
2137 3436 2347 3499 Lectio
2377 3437 2459 3518 ff·

572 3541 868 3674 Slmile
900 3549 999 3602 est
1033 3559 1308 3620 regnum
1344 3537 1634 3599 celorum
1673 3538 1924 3600 homini
1960 3540 2423 3620 patrifamilias
2573 3543 2636 3603 in
2674 3546 2977 3627 redemp-

715 3629 964 3690 tionem
1001 3647 1120 3708 pro
1154 3625 1396 3687 multiS.

860 3809 924 3877 (Ι
970 3801 1166 3864 Ferz'a
1197 3801 1392 3863 tertia
1424 3798 1777 3881 erprimoss
1811 3801 1872 3862 R
1878 3800 2133 3882 egum.12
2226 3804 2438 3865 Lectio
2456 3807 2700 3885 prima.

577 3916 969 4047 Cquue
1002 3913 1290 3975 venisset
1325 3912 1481 3975 Saul
1517 3932 1726 3993 vsque
1759 3913 1843 3973 ad
1878 3914 2215 3977 ciuitatem
2268 3916 2550 3980 Amalec
2730 3920 2983 4003 reliqua

741 4022 899 4065 vero
930 4000 1310 4064 occidimus,

670 4206 685 4235 ¹
720 4221 814 4253 om.
845 4202 921 4266 38.
1985 4199 2008 4229 2
2076 4201 2204 4250 uod:
2241 4203 2319 4252 66.

666 4270 687 4300 ³
720 4270 878 4319 veris:
917 4280 992 4329 39.
1022 4279 1100 4326 41.
1129 4278 1208 4327 43.
1237 4278 1302 4325 49
1345 4262 1424 4312 61.
1453 4263 1531 4326 63.
1556 4263 1634 4323 64.
1665 4263 1742 4311 66.
1989 4264 2010 4294 ⁴
2081 4267 2417 4318 acerdotium:
2456 4284 2532 4333 39.
2561 4285 2640 4331 41.
2670 4272 2748 4334 64.

668 4336 686 4366 ⁵
720 4333 988 4400 principis:
1027 4344 1103 4394 39.
1133 4340 1225 4379 etc.
2001 4329 2023 4360 ⁸
2057 4333 2130 4380 Te
2153 4333 2336 4383 deum:
2372 4337 2481 4384 add.
2512 4337 2590 4399 63.

668 4401 687 4432 ⁷
720 4417 813 4450 om.
845 4412 921 4461 39.
950 4409 1029 4458 41.
1057 4395 1137 4445 61.
1166 4395 1245 4458 63.
1275 4394 1354 4443 66.
2002 4394 2023 4425 ⁸
2056 4398 2173 4457 [xiv.
2203 4409 2412 4459 47——xv.
2443 4403 2517 4463 4.]

667 4465 688 4497 ⁹
720 4466 930 4514 secunda
947 4478 962 4510 .·
997 4475 1074 4524 39.
1984 4460 2024 4490 ¹⁰
2058 4464 2145 4512 Ca.
2177 4476 2254 4513 20.
2284 4467 2340 4512 in
2366 4483 2428 4514 m.
2459 4468 2561 4526 [xx.
2597 4468 2762 4530 1-28.]

668 4532 703 4563 Π
742 4531 900 4579 libro:
934 4529 1043 4575 add.
1074 4525 1152 4588 63.
1991 4526 2031 4556 ¹2
2062 4529 2162 4587 [xv.
2195 4532 2363 4594 5—15.]
