3293 5225
874 461 1165 510 DOMINI
1166 462 1254 510 CA
1292 461 1415 508 XX.
1459 461 1652 508 POST
1679 459 2245 508 PENTECOSTEAV.
2680 471 2774 520 227

854 672 919 740 (I
966 667 1032 728 F
1026 667 1165 728 cria
1195 668 1299 729 .vi.
1330 688 1408 728 cx
1436 667 1549 730 .iii.
1581 666 1646 728 R
1651 664 1880 747 egum.¹
1973 665 2185 727 Lectio
2215 666 2274 728 .i.

503 778 923 928 THaitbelias
980 782 1061 841 ad
1123 779 1380 854 Achab,
1422 778 1734 840 Ascende
1903 797 2109 859 vsque
2167 779 2252 838 ad
2319 786 2614 839 montem
2667 776 2772 839 dei

608 887 719 928 ore
772 917 783 928 .

922 1009 987 1077 (I
1038 1003 1405 1065 Secundum
1437 1000 1791 1065 Marcum?
1881 1002 2093 1064 Lectio
2124 1003 2208 1082 .ij.

444 1113 503 1175 N
560 1115 793 1178 diebus
844 1115 970 1176 illis
1025 1115 1263 1177 iterum
1314 1135 1465 1176 cum
1521 1114 1717 1178 turba
1767 1114 1978 1176 multa
2023 1123 2197 1176 esset
2347 1114 2400 1175 si
2443 1113 2506 1176 in
2550 1114 2768 1176 vicum

468 1203 813 1279 introieriS,
846 1202 1094 1264 nemini
1128 1203 1394 1265 dixeris,

889 1346 954 1414 (I
1005 1339 1287 1402 Sabbato
1316 1361 1395 1400 ex
1421 1340 1531 1420 .iij.
1564 1338 1862 1420 Regum.³
1950 1339 2160 1402 Lectio
2191 1341 2248 1403 .i.

362 1449 754 1580 Cquue
814 1451 1102 1514 venisset
1166 1451 1336 1527 illuc,
1392 1453 1634 1514 mansit
1698 1452 1760 1512 in
1827 1452 2142 1533 spelunca
2342 1463 2607 1515 secutus
2669 1462 2770 1514 est

518 1537 755 1612 Elian),
788 1549 855 1600 et
890 1539 1309 1606 ministrabat
1340 1540 1417 1601 ei.

922 1681 986 1750 (ἶ
1039 1676 1404 1738 Secundmn
1437 1675 1792 1738 Alorcum:²
1879 1676 2090 1738 Lectio
2121 1677 2204 1757 .il.

372 1785 555 1913 ΕΤ
608 1807 911 1867 egressus
958 1799 1058 1850 est
1110 1789 1292 1851 Iesus
1338 1800 1406 1850 et
1451 1787 1756 1869 discipuli
1801 1789 1940 1849 eius
2090 1790 2211 1851 nisi
2253 1791 2471 1852 Iesum
2506 1800 2768 1853 tantum

523 1894 765 1936 secum.

423 2016 487 2085 (ἶ
536 2011 882 2074 Dominica
913 2013 1229 2094 vigesima
1242 2022 1398 2094 post
1408 2022 1820 2093 pentecosten.
1918 2013 2211 2089 Quartus
2238 2013 2402 2076 liber
2429 2015 2695 2095 regum.5

1394 2099 1606 2162 Lectio
1637 2100 1694 2163 .i.

369 2210 911 2337 PReuaricatus
943 2222 1043 2274 est
1076 2222 1302 2274 autern
1341 2212 1548 2274 Moab
1581 2213 1644 2273 in
1684 2212 1908 2287 Israel,
1941 2223 2298 2294 postquam
2336 2222 2633 2275 mortuus
2665 2224 2765 2276 est

505 2296 745 2360 Achab
894 2299 1378 2380 quinquaginta
1410 2299 1524 2381 qui
1557 2308 1747 2361 erant
1779 2319 1931 2361 cum
1964 2319 2061 2362 e0.

914 2441 979 2509 (I
1031 2436 1396 2498 Secundum
1429 2435 1523 2496 M
1516 2437 1785 2498 arcum.‘⁵
1873 2436 2083 2497 Lectio
2116 2437 2198 2517 .ῂῖ

422 2550 550 2612 ἫΤ
614 2546 1199 2616 descendentibus⁷
1261 2549 1387 2611 illis
1450 2548 1534 2609 de
1599 2561 1825 2610 monte
2030 2549 2151 2611 nisi
2209 2550 2271 2611 in
2337 2551 2636 2614 oratione
2697 2562 2762 2615 et

418 2654 481 2677 -Δ
522 2640 780 2703 ieiunio

895 2780 959 2849 (ἶ
1018 2773 1256 2835 Tertioss
1285 2774 1461 2835 lectio
1490 2774 1765 2835 secunda
1773 2796 1835 2835 m
1869 2772 2226 2865 Ioannemfl·

433 2887 493 2948 N
542 2887 652 2948 illo
685 2896 1021 2968 tempore:
1074 2887 1235 2947 Erat
1268 2886 1541 2967 quidam
1578 2885 1845 2967 regulus
1877 2886 2062 2948 cuius
2096 2866 2268 2947 filiu's
2301 2885 2760 2950 infirmabatur

460 2975 949 3055 Capharnaum.
1041 2974 1131 3036 Et
1166 2974 1432 3055 reliqua.

958 3118 1022 3187 (ἶ
1072 3113 1370 3175 Homilia
1401 3113 1614 3174 sancti
1645 3112 2146 3193 Gregorijpapc.

358 3226 678 3352 LEctio
726 3225 938 3287 sancti
987 3225 1313 3306 euangelij
1370 3245 1571 3306 quam
1623 3223 1826 3286 modo
1858 3222 2089 3285 fratres
2123 3224 2439 3285 audistis:
2487 3226 2752 3305 exposi-

505 3314 687 3374 tione
719 3333 848 3374 non
883 3313 1152 3393 indiget.
1246 3312 1379 3374 Sed
1416 3332 1496 3373 ne
1522 3311 1693 3373 hanc
1726 3310 1925 3372 tacite
1958 3311 2333 3391 preterijsse
2366 3311 2708 3373 videamur
2737 3337 2751 3376 :

341 3399 762 3462 exhortando
823 3400 1043 3481 potius
1102 3419 1303 3480 quain
1366 3399 1775 3478 exponendo
1839 3398 1901 3459 in
1957 3418 2037 3459 ea
2084 3398 2332 3479 aliquid
2381 3397 2747 3480 loquamur.

346 3483 497 3548 Hoc
531 3498 755 3549 autem
780 3487 965 3549 vobis
1013 3484 1488 3548 solummodo¹⁰
1533 3485 1955 3567 expositione
1994 3485 2190 3546 video
2235 3505 2378 3547 esse
2411 3487 2744 3567 requiren—

340 3574 521 3648 dum,
554 3594 669 3635 cur
701 3574 755 3635 is
785 3576 896 3656 qui
930 3575 1014 3636 ad
1037 3574 1321 3636 salutern
1350 3574 1712 3653 petendam
1745 3583 2015 3634 venerat
2042 3571 2338 3634 audiuit:
2375 3573 2520 3634 Nisi
2553 3574 2745 3654 signa

339 3668 403 3721 et
438 3660 741 3741 prodigia
784 3661 1117 3723 videritis:
1189 3680 1318 3722 non
1353 3660 1635 3722 creditis..
1727 3658 1862 3740 Qui
1894 3659 2070 3720 enim
2106 3660 2388 3721 salutern
2421 3660 2740 3740 querebat

336 3746 508 3808 filio:
586 3748 1022 3829 proculdubio
1096 3748 1422 3810 credebat.
1540 3747 1778 3827 Neque
1853 3747 2029 3807 enim
2115 3746 2199 3808 ab
2276 3767 2358 3808 eo
2439 3757 2740 3827 quereret

335 3834 636 3907 salutem,
668 3855 867 3916 quem
916 3854 1047 3897 non
1083 3834 1374 3897 crederet
1410 3833 1828 3896 saluatorem.
1921 3832 2144 3914 Quare
2176 3854 2336 3916 ergo
2368 3834 2426 3894 ei
2460 3834 2737 3897 dicitur:

337 3920 456 3981 nisi
513 3922 701 4001 signa
746 3933 814 3984 et
862 3920 1165 4002 prodigia
1197 3922 1531 3983 videritis:
1580 3942 1712 3982 non
1746 3920 2046 3982 creditis:
2095 3922 2208 4000 qui
2256 3931 2411 3982 ante
2456 3921 2739 3984 credidit

332 4027 534 4087 quam
584 4006 899 4089 signumll
960 4008 1260 4070 videret?
1353 4007 1486 4070 Sed
1536 4017 1944 4070 mementote
1974 4006 2134 4088 quid
2170 4008 2381 4088 petijt,
2412 4019 2479 4070 et
2510 4019 2738 4089 aperte

333 4096 773 4175 cognoscetis,
842 4096 998 4176 quia
1076 4095 1138 4157 in
1189 4094 1320 4156 fide
1380 4094 1730 4157 dubitauit.
1826 4092 2191 4175 Poposcit¹2
2253 4113 2587 4177 namque:
2666 4106 2736 4158 vt

426 4250 446 4344 ζ
478 4252 632 4328 [xxiii.
660 4253 889 4328 41—T-xix.
921 4253 995 4313 8.]
1266 4250 1291 4345 ξ
1322 4254 1409 4301 (ζα.
1441 4251 1471 4301 8
1496 4254 1551 4300 in
1578 4270 1641 4300 m.
1672 4251 1795 4311 [viii.
1832 4252 1996 4343 1·—·26.]
2213 4252 2234 4279 ³
2267 4252 2385 4311 [xix.
2414 4254 2587 4314 9-21.]

424 4380 446 4409 ⁰
478 4317 824 4445 Ηπέυέἔέἲχ
856 4320 930 4380 7.]
1275 4381 1296 4413 ⁷
1324 4318 1817 4444 [deslcecligii'tibffsas'g
1845 4356 1884 4430 ,ζ
1918 4331 1994 4380 39·
2221 4382 2243 4411 ⁸
2287 4384 2490 4431 Tertia:
2525 4382 2602 4445 38.
2632 4393 2726 4433 etc.

424 4444 446 4474 ⁹
479 4450 569 4497 Ca.
599 4463 631 4508 4
653 4450 712 4497 in
736 4466 800 4496 m.
1249 4446 1288 4477 ¹⁰
1322 4447 1404 4496 in:
1441 4450 1551 4496 add.
1583 4459 1660 4509 39.
1689 4461 1769 4507 41.
1842 4448 1936 4497 de:
1973 4449 2081 4496 add.
2112 4447 2191 4510 63.
2221 4447 2298 4496 66.

426 4510 461 4540 ¹¹
497 4513 668 4577 signat
705 4527 783 4577 43.
1249 4511 1289 4542 ¹2
1326 4515 1420 4561 Pro
1444 4513 1632 4577 poscit:
1671 4512 1748 4561 66.

2339 4594 2472 4654 (22
