3293 5225
807 464 1188 514 DO.lllNlC.—1
1252 463 1555 524 QUARTA
1618 462 2290 524 QUADRAGESJMAE.
2652 476 2744 524 109

952 658 1171 721 Tertia
1201 658 1374 721 lectio
1404 658 1748 721 secundum
1782 656 2129 720 Ioannem.1

411 772 470 835 N
508 772 621 835 illo
653 783 965 852 tempore.
1062 771 1361 832 Perrexit
1398 770 1582 832 Iesus
1616 771 1682 831 in
1717 779 2014 832 montem
2055 769 2302 846 oliueti,
2334 780 2400 833 et
2446 771 2740 835 diluculo

438 861 673 923 iterum
706 860 889 921 venit
922 860 985 920 in
1021 857 1363 939 templum.
1458 857 1547 919 Et
1579 855 1847 938 reliqua.

920 995 1221 1058 Homilia
1251 994 1464 1056 sancti
1490 994 1549 1056 Α
1560 993 1862 1075 agustini
1877 994 2150 1076 episcopi.

413 1109 475 1172 N
511 1118 806 1173 montem
841 1117 1064 1171 autem
1109 1106 1354 1178 oliueti,
1389 1107 1452 1168 in
1503 1115 1799 1168 montem
1850 1105 2278 1184 fructuosum,
2325 1108 2389 1171 in
2441 1118 2736 1172 montem

438 1197 777 1279 vnguenti,
827 1196 890 1258 in
941 1204 1236 1257 montem
1286 1192 1676 1256 chrismatis,
1768 1193 1903 1255 Vbi
1949 1195 2127 1256 enim
2176 1194 2456 1258 decebat
2502 1196 2739 1260 docere

332 1285 690 1360 Christum,
722 1284 846 1345 nisi
895 1283 959 1344 in
1010 1292 1236 1343 monte
1282 1281 1562 1343 oliueti?
1654 1279 1897 1343 Christi
1951 1281 2128 1343 enim
2186 1302 2431 1345 nomen
2485 1283 2735 1346 dictum

327 1382 428 1435 est
518 1392 556 1433 a
647 1371 1017 1433 chrismate.
1154 1367 1459 1431 Chrisma
1548 1376 1772 1430 autem
1866 1367 2092 1441 Grece,
2189 1368 2426 1432 Latine
2516 1372 2741 1433 vnctio

329 1459 723 1522 nominatur.
865 1456 1026 1519 Ideo
1086 1454 1333 1517 2autem
1411 1452 1560 1516 nos2
1618 1456 1814 1516 vnxit
1876 1455 2031 1536 quia
2093 1454 2448 1518 luctatores
2508 1467 2739 1520 contra

328 1545 667 1608 diabolum
704 1544 871 1607 fecit.
967 1542 1058 1605 Et
1088 1541 1379 1604 diluculo
1412 1541 1646 1603 iterum
1682 1541 1863 1603 venit
1907 1543 1971 1603 in
2021 1543 2364 1623 templum,
2409 1553 2475 1606 et
2522 1546 2741 1608 omnis

331 1632 617 1715 populus
648 1632 832 1694 venit
862 1630 946 1692 ad
980 1650 1149 1692 eum.
1243 1629 1333 1691 Et
1364 1628 1601 1691 sedens
1633 1627 1916 1690 docebat
1947 1649 2061 1691 eos
2093 1638 2161 1692 et
2208 1650 2340 1692 non
2374 1632 2743 1709 tenebatur,

331 1720 486 1801 quia
549 1718 845 1781 nondum
909 1718 1047 1799 pati
1103 1715 1518 1797 dignabatur.
1641 1715 1838 1778 Nunc
1893 1716 2024 1777 iam
2087 1717 2431 1794 attendite,
2489 1719 2599 1781 vbi
2654 1719 2742 1781 ab

332 1808 633 1880 inimiciS,
678 1816 937 1868 tentata
968 1802 1079 1866 sit3
1108 1803 1361 1866 domini
1410 1802 1867 1865 mansuetudo,
1962 1802 2329 1867 Adducunt
2374 1814 2598 1868 autem
2649 1805 2741 1868 illi

332 1893 544 1956 scribe
617 1903 685 1956 et
760 1892 1045 1973 pharisei
1124 1890 1464 1952 mulierem
1543 1890 1608 1951 in
1685 1888 2012 1951 adulterio
2101 1890 2601 1972 deprehensam,
2675 1904 2743 1957 et

335 1990 708 2043 statuerunt
739 1999 886 2041 eam
923 1979 986 2040 in
1024 1977 1335 2051 medium,
1365 1987 1433 2039 et
1479 1975 1797 2038 dixerunt
1828 1977 1886 2038 ei
1919 2000 1931 2038 :
1983 1976 2321 2058 Magister,
2355 1979 2475 2041 hec
2509 1979 2744 2043 mulier

336 2067 538 2131 modo
592 2066 1004 2148 deprehensa
1060 2075 1159 2127 est
1228 2065 1293 2125 in
1361 2062 1703 2126 adulterio.
1821 2063 1897 2125 In
1961 2062 2106 2147 lege
2168 2075 2412 2141 autem,
2469 2067 2745 2148 Moyses

334 2155 680 2217 mandauit
712 2154 903 2216 nobis
934 2150 1310 2214 huiusmodi
1345 2149 1655 2231 lapidare.
1746 2149 1851 2213 Tu
1884 2170 2043 2234 ergo
2076 2153 2235 2233 quid
2283 2152 2497 2216 dicis?
2592 2155 2744 2217 Hoc

334 2251 557 2304 autem
606 2242 916 2303 dicebant
963 2248 1296 2302 tentantes
1334 2257 1506 2313 eum,
1536 2247 1607 2298 vt
1639 2246 1911 2319 possent
1942 2258 2250 2302 accusare
2280 2260 2451 2303 eum.
2543 2241 2744 2304 Vnde

337 2334 697 2391 accusare?
755 2326 1075 2408 Nunquid
1132 2325 1348 2408 ipsum
1396 2325 1461 2386 in
1511 2324 1736 2405 aliquo
1784 2323 2073 2387 facinore
2119 2325 2746 2408 deprehenderant?

339 2417 480 2479 Aut
542 2415 653 2477 illa
715 2415 948 2476 mulier
1007 2415 1092 2476 ad
1154 2432 1306 2475 eum
1363 2411 1589 2493 aliquo
1644 2413 1847 2474 modo
1901 2414 2306 2493 peruenisse*
2357 2415 2746 2478 dicebatur?

341 2501 521 2585 Quid
582 2512 684 2565 est
743 2521 902 2583 ergo
978 2509 1311 2562 tentantes
1386 2504 1592 2561 eum?
1685 2498 1779 2560 Vt
1841 2509 2112 2580 possent
2172 2521 2480 2564 accusare
2540 2509 2748 2566 eum?

341 2589 786 2673 Intelligimus
849 2588 1079 2651 fratres
1154 2585 1614 2649 admirabilem
1695 2586 2275 2650 mansuetudinem
2339 2588 2403 2651 in
2482 2588 2748 2654 Christo

334 2678 551 2741 fuisse.
646 2675 1295 2739 Animaduertebant
1325 2695 1476 2737 eum
1511 2673 1790 2736 nimium
1823 2694 1967 2736 esse
2002 2675 2249 2748 mitem,
2282 2676 2558 2740 nimium
2602 2699 2749 2741 esse

332 2774 797 2828 mansuetum.⁰

1420 2888 1664 2953 Oratio.
1687 2973 1699 2980 -

461 3006 666 3069 Resta
697 3024 1057 3087 quesumus
1089 3003 1513 3085 omnipotens
1546 3000 1711 3064 deus
1741 3011 1813 3063 vt
1843 3002 1955 3083 qui
1989 3022 2059 3064 se
2089 3000 2452 3084 affligendo
2483 3025 2748 3069 carnem

486 3094 572 3156 ab
603 3092 934 3155 alimentis
969 3091 1323 3165 abstinent,
1370 3088 1696 3152 sectando
1745 3089 2061 3151 iustitiam
2110 3110 2148 3151 a
2196 3089 2394 3171 culpa
2441 3092 2749 3157 ieiunent.

334 3202 465 3264 per.

520 3314 587 3384 (1
632 3306 981 3369 Dominica
1012 3314 1250 3387 quarta
1278 3303 1773 3386 quadragesime
1801 3324 1880 3365 ex
1913 3302 2184 3367 Genesi.⁶
2272 3304 2484 3368 Lectio
2515 3308 2574 3370 .i.

339 3419 720 3550 VOcauit
752 3430 973 3481 autem
1010 3417 1283 3499 angelus
1315 3416 1569 3478 domini
1600 3415 1946 3477 Abraham
2097 3417 2380 3498 sepelias
2413 3429 2747 3483 mortuum

505 3518 712 3570 tuum.

585 3651 652 3721 (1
698 3642 992 3725 Epistola
1022 3641 1220 3703 Beati
1246 3639 1291 3701 J
1284 3640 1517 3702 oannis
1544 3638 1817 3720 apostoli
1842 3636 2079 3703 tertia.⁷
2165 3639 2377 3703 Lectio
2407 3643 2495 3723 .ij.

345 3758 654 3889 SEnior
686 3755 852 3820 Caio
883 3753 1289 3827 charissimo,
1320 3771 1518 3832 quem
1552 3772 1680 3831 ego
1727 3749 1934 3832 diligo
1982 3752 2045 3813 in
2093 3752 2369 3815 veritate
2518 3755 2752 3820 Saluta

473 3856 545 3908 tu
576 3846 826 3907 amicos
860 3840 1273 3903 nominatim.

901 3983 967 4053 (I
1024 3976 1244 4039 Tertia
1274 3975 1449 4039 lectio
1477 3975 1823 4036 secundum
1855 3974 2206 4038 Ioannem.⁸

431 4095 492 4156 N
557 4094 669 4156 illo
731 4102 1047 4173 tempore,
1107 4088 1273 4169 abijt
1338 4087 1523 4149 Iesus
1584 4096 1764 4148 trans
1828 4107 2007 4149 mare
2069 4087 2322 4152 Galilee
2397 4092 2576 4171 quod
2652 4103 2755 4157 est

459 4179 839 4262 tyberiadiS,
867 4189 932 4240 et
965 4176 1364 4257 sequebatur
1394 4194 1545 4236 eum
1580 4174 1938 4236 multitudo
1972 4195 2233 4257 magna,
2258 4178 2413 4256 quia
2436 4179 2754 4243 videbant

346 4270 538 4350 signa
568 4288 697 4349 que
730 4265 1011 4328 faciebat
1043 4283 1239 4345 super
1270 4261 1371 4323 his
1403 4262 1513 4342 qui
1547 4260 2068 4324 infirmabantur.
2163 4263 2252 4325 Et
2284 4263 2549 4345 reliqua.

447 4403 463 4434 1
503 4405 590 4453 Ca,
621 4403 666 4451 g⁸
696 4404 754 4451 i„
779 4419 842 4450 m,
1395 4395 1512 4469 “2-2
1545 4413 1637 4446 nos
1660 4406 1825 4446 autem
1851 4415 1862 4446 :
1900 4396 1978 4445 66.
2247 4396 2267 4427 ³³
2299 4400 2422 4450 stit:
2460 4399 2537 4463 38.
2565 4401 2698 4451 thus.

446 4470 467 4499 ⁴
566 4468 826 4517 rtinuisse:
864 4466 940 4515 61.
972 4465 1049 4529 63.
1080 4465 1157 4527 64.
1393 4470 1412 4490 ⁶
1450 4463 1700 4512 Miserere.
1733 4474 1807 4525 50.
1836 4464 1946 4511 add
1977 4462 2055 4525 63.

444 4533 464 4564 ⁸
497 4486 633 4595 [ζῶ.
670 4532 894 4597 15-xxiii.
926 4531 1000 4591 6.]
1402 4527 1421 4559 ⁷
1455 4528 1649 4589 [1-14-]
1835 4536 1842 4544 ·
2235 4528 2256 4558 ¹³
2289 4529 2377 4578 Ca·
2408 4530 2440 4578 6
2462 4531 2519 4578 m
2544 4548 2608 4581 m·
