3293 5225
551 497 648 562 258
1022 501 1075 548 S.
1116 500 1535 551 LUCIANUS:
1579 502 1632 550 S.
1674 500 1973 551 PAULUS
2004 501 2070 549 J.
2110 500 2483 549 EREMJTA.
2701 498 2848 559 [IAN.
2880 509 2961 558 29.

549 650 710 714 vrbe
769 652 858 714 ob
918 653 983 716 id
1047 674 1292 735 magna
1367 654 1693 717 seditione
1752 654 1840 716 ab
1899 654 2120 730 exili0,
2195 662 2541 716 reuocatus
2601 661 2717 715 est.
2840 650 2964 714 Cui

551 739 850 803 redeunti
927 740 1212 823 populus
1286 760 1437 803 curn
1531 761 1776 822 magna
1865 741 2310 823 gratulatione
2398 738 2966 820 frequentissimus

551 827 847 891 occurrit.
968 827 1232 890 Deinde
1306 847 1457 891 cum
1520 828 1586 890 in
1663 828 1816 891 diue
1893 826 2145 910 Sophie
2220 827 2363 889 soro
2423 837 2581 890 ante
2656 826 2965 905 Auguste

550 923 936 995 argenteam
984 914 1344 996 imaginem
1398 913 1591 978 ludos
1636 916 1744 996 agi
1792 915 2107 978 vetuisset
2152 935 2373 977 rursus
2418 915 2585 976 irata
2633 913 2968 988 Eudoxia,

552 1002 738 1080 quasi
794 1000 1041 1064 sactum
1075 1001 1142 1064 id
1198 1001 1425 1065 fuisset
1476 1003 1542 1064 in
1598 1023 1786 1065 suam
1841 1002 2333 1079 contumeliam,
2385 1001 2501 1064 dat
2549 1020 2842 1083 operam,
2894 1009 2968 1061 vt

557 1086 843 1151 Ioannes
894 1088 982 1150 ab
1028 1088 1308 1151 inimicis
1360 1090 1690 1172 episcopis
1734 1088 1893 1152 vrbe
1942 1089 2238 1171 pellatur.
2333 1089 2443 1151 Ad
2491 1088 2670 1169 quod
2704 1087 2966 1168 synodo

549 1183 799 1252 coacta,
887 1173 1037 1238 hac¹
1138 1176 1340 1239 modo
1430 1186 1732 1258 pretenta
1842 1197 2059 1252 causa,
2146 1176 2325 1257 quod
2418 1185 2570 1258 post
2681 1177 2965 1258 priorem

548 1261 1035 1343 depositionem
1082 1263 1223 1326 sine
1267 1264 1524 1345 concilij
1575 1264 1842 1327 decreto
1888 1265 1954 1326 in
2001 1263 2158 1326 sede
2204 1263 2566 1339 resedisset,
2610 1262 2972 1324 damnatus

549 1347 785 1411 iterum
820 1350 1102 1412 mittitur
1132 1351 1196 1413 in
1228 1351 1522 1414 exilium.
1613 1351 1677 1413 A
1712 1371 1847 1431 quo
1877 1350 2036 1413 dum
2062 1350 2330 1413 iubente
2364 1371 2539 1432 papa
2576 1349 2969 1412 Innocentio

550 1456 639 1497 ex
671 1435 1009 1517 concilijS,²
1039 1437 1218 1518 quod
1255 1438 1472 1501 Rome
1502 1447 1829 1520 coegerat,
1859 1438 2127 1500 decreto
2153 1447 2585 1500 reuerteretur
2616 1458 2630 1498 :
2665 1445 2972 1498 mortuus

550 1531 650 1585 est
676 1523 899 1586 multis
922 1524 1411 1587 calamitatibus
1437 1534 1704 1607 propter
1729 1524 2092 1600 ecclesiam,
2112 1535 2178 1587 et
2206 1545 2462 1587 morum
2489 1524 2964 1587 correctionem

549 1610 893 1672 exhaustis
957 1635 971 1674 :
1034 1611 1390 1692 multisque
1492 1611 1674 1674 libris
1775 1612 1937 1673 mira
2033 1611 2333 1674 doctrina
2433 1622 2500 1675 et
2588 1610 2968 1691 eloquentia

550 1698 1035 1778 sanctitateque
1067 1699 1471 1782 conscriptis,
1564 1698 1756 1780 Obijt
1788 1709 2012 1762 autem
2048 1699 2248 1779 .xviij.
2291 1698 2605 1761 calendas
2638 1697 2966 1761 Octobris..

553 1783 709 1865 Quo
739 1784 847 1847 die
876 1785 1234 1848 vehemens
1265 1786 1521 1867 grando
1555 1786 2173 1868 Constantinopolis
2218 1785 2612 1848 suburbanis
2644 1804 2963 1866 magnum

550 1871 1023 1935 detrimentum
1098 1874 1373 1936 inuexit.
1493 1873 1696 1955 Quod
1768 1874 2087 1936 creditum
2165 1883 2265 1936 est
2325 1874 2624 1936 euenisse
2699 1881 2970 1954 propter

551 1959 859 2022 iniustam
922 1959 1189 2022 Ioannis
1239 1960 1740 2023 damnationem
1794 1970 1862 2023 et
1910 1981 2071 2024 eam
2112 1961 2494 2042 opinionem
2548 1959 2968 2022 confirmauit

554 2066 730 2108 mors
784 2046 1093 2128 Auguste
1147 2056 1296 2129 post
1351 2048 1508 2110 ‚xix.
1563 2047 1742 2110 diem
1792 2057 2035 2111 secuta.
2154 2047 2391 2128 Itaque
2445 2056 2676 2129 postea
2730 2066 2969 2128 corpus

550 2133 690 2195 eius
722 2133 1138 2197 Theodosius
1178 2133 1495 2215 Archadij
1533 2134 1704 2197 filius
1735 2133 2385 2216 Constantinopolim
2420 2133 2969 2207 transferendum,

548 2241 627 2282 ac
660 2220 960 2302 religiose
989 2221 1440 2303 sepeliendum
1474 2223 1730 2284 curauit
1761 2222 1858 2285 .vi.
1904 2222 2217 2285 calendas
2250 2220 2607 2301 Februarij.

986 2363 1053 2433 (I
1084 2359 1418 2422 Lucianus
1432 2359 1771 2441 presbyter
1810 2357 2107 2441 ηιανζγν.3
2192 2358 2406 2421 Lectio
2438 2358 2531 2439 iij.

735 2470 1068 2533 Aximini⁴
1095 2471 1510 2554 imperatoris
1535 2472 1996 2554 persecutione
2022 2473 2087 2534 in
2117 2471 2544 2543 ChristianOS,
2570 2491 2686 2553 per
2707 2469 2966 2533 vniuer-

763 2577 903 2620 sam
969 2558 1455 2641 propemodum
1512 2559 1771 2635 Asiam,
1819 2560 2158 2642 presertim
2227 2558 2590 2622 Antiochie
2651 2558 2963 2621 seuiente.

558 2645 893 2707 Lucianus
916 2647 1263 2728 presbyter
1288 2647 1765 2709 Antiochensis
1789 2647 2216 2718 continentia,
2243 2657 2311 2709 et
2341 2646 2711 2709 eruditione
2742 2647 2965 2725 singu-

558 2731 677 2793 lari
703 2754 716 2793 :
749 2733 903 2805 vita,
928 2744 996 2796 et
1028 2733 1267 2814 studijs
1292 2754 1554 2815 semper
1579 2745 1868 2815 martyr:
1901 2734 2418 2816 comprehensus
2448 2744 2568 2796 est.
2660 2731 2965 2813 Cumque

557 2819 641 2882 ad
666 2819 951 2882 tribunal
974 2820 1204 2883 suisset
1221 2821 2029 2902 constitutuS,increpatus
2050 2842 2088 2883 a
2109 2820 2532 2901 iudice,quod
2554 2820 2653 2881 vir
2673 2819 2963 2902 prudens

557 2918 941 2987 sequeretur
970 2917 1240 2983 sectam,
1271 2909 1456 2970 cuius
1488 2928 1620 2970 non
1654 2918 1877 2987 posset
1925 2908 2199 2970 reddere
2231 2909 2553 2970 rationem
2581 2931 2595 2969 ε
2642 2906 2802 2969 data
2839 2906 2963 2968 sibi

558 2992 873 3056 facultate
903 2995 1188 3070 dicendi,
1219 3005 1357 3058 tam
1391 2994 1795 3076 eloquenter,
1840 2995 2304 3077 sapienterque
2350 2994 2434 3057 de
2481 2994 2612 3056 fide
2657 2994 2967 3056 disseruit

558 3089 628 3142 vt
675 3082 802 3142 iam
858 3082 1174 3163 inciperet
1218 3083 1590 3145 astantibus
1632 3102 1822 3144 suain
1856 3081 2271 3164 disciplinam
2307 3082 2721 3163 persuadere.
2813 3080 2967 3162 Quo

559 3165 763 3230 iudex
806 3168 1273 3231 animaduerso
1303 3169 1485 3232 iubet
1531 3189 1683 3231 eum
1719 3170 1783 3231 in
1818 3188 2146 3231 carcerem
2182 3169 2446 3241 retrudi,
2478 3179 2544 3231 et
2593 3169 2680 3230 ibi
2713 3168 2967 3248 absque

561 3255 789 3336 populi
836 3255 1126 3319 tumultu
1162 3257 1419 3319 necari:
1466 3256 1765 3337 sepultus
1795 3266 1896 3319 est
1937 3266 2161 3318 autem
2200 3254 2601 3338 Helenopoli
2638 3255 2971 3335 Bithynie,

560 3360 762 3422 quam
796 3342 1046 3417 vrbem,
1079 3363 1229 3405 cum
1279 3344 1458 3425 prius
1507 3344 1824 3422 Drepana
1854 3351 2216 3417 vocaretur,
2248 3343 2312 3405 in
2363 3343 2682 3405 honorem
2731 3342 2966 3423 prefati

562 3427 871 3508 martyris
933 3428 1445 3493 Constancinus⁵
1507 3429 1869 3512 imperator
1945 3430 2354 3505 instaurauit,
2414 3440 2481 3492 et
2547 3450 2637 3492 ex
2700 3429 2967 3491 nomine

565 3515 823 3579 Helene
857 3517 1085 3578 matris
1119 3518 1547 3599 nuncupauit„
1628 3518 1872 3579 Passus
1903 3528 2005 3581 est
2039 3527 2262 3580 autem
2297 3516 2422 3597 .vij.
2462 3517 2620 3579 Idus
2655 3515 2967 3596 Ianuarij.

995 3658 1062 3728 (I
1093 3653 1352 3717 Paulus
1365 3653 1634 3735 primus
1662 3652 1727 3715 E
1730 3652 2007 3716 remita.⁶
2095 3654 2308 3716 Lectio
2338 3655 2553 3718 tertia.

577 3764 918 3894 PAulus,
953 3787 992 3827 a
1023 3786 1158 3847 quo
1190 3767 1473 3848 primum
1508 3786 1769 3829 eremus
1814 3766 2096 3830 habitari
2128 3777 2324 3848 cepta
2355 3780 2475 3844 est,
2504 3789 2591 3830 ex
2626 3767 2974 3830 Thebaide

716 3851 968 3935 Egypti
1022 3853 1182 3916 vrbe
1242 3855 1576 3930 oriunduS,
1629 3854 1834 3916 literis
1895 3853 2123 3917 Grecis
2176 3865 2243 3917 et
2305 3855 2619 3937 Egyptijs
2672 3854 2971 3936 apprime

563 3938 877 4016 erudituS,
909 3941 1294 4021 parentibus
1325 3941 1586 4003 amissis
1616 3961 1769 4003 cum
1802 3951 1978 4003 esset
2023 3962 2350 4004 annorum
2383 3941 2723 4005 sexdecim
2761 3941 2974 4003 Decio

567 4026 965 4108 imperatore
997 4028 1061 4089 in
1098 4027 1511 4092 Christianos
1542 4028 1861 4103 seuiente,
1895 4029 1959 4089 in
1992 4027 2419 4091 solitudinem
2454 4029 2738 4091 secessit.
2831 4028 2966 4091 Vbi

564 4112 872 4194 (authore
908 4115 1345 4196 HieronymO,
1376 4116 1489 4197 qui
1523 4116 1730 4177 vitam
1763 4115 1904 4177 eius
1937 4116 2355 4197 conscripsit)
2388 4118 2471 4178 ad
2506 4116 2690 4178 saxei
2726 4117 2971 4177 montis

565 4200 820 4263 radices
879 4202 1282 4284 speluncam,
1333 4222 1535 4283 quam
1591 4212 1779 4265 vetus
1842 4201 2083 4284 palma,
2135 4213 2202 4266 et
2263 4202 2411 4265 sons
2471 4202 2975 4284 limpidissimus

565 4289 955 4366 exornabat,
984 4290 1071 4351 ad
1103 4290 1311 4351 vitam
1343 4290 1794 4371 peragendam
1825 4290 2045 4372 elegit,
2077 4290 2302 4372 palma
2333 4289 2567 4352 eadem
2600 4287 2974 4365 obsonium,

664 4421 682 4453 ¹
718 4425 845 4474 hoc:
884 4437 960 4501 39.·
990 4437 1069 4486 43.
1098 4440 1176 4486 44.
1207 4438 1285 4486 49.
1315 4424 1393 4474 61.
1424 4424 1503 4489 63.
1533 4424 1611 4486 64.
1641 4424 1721 4473 66.
1996 4423 2019 4454 ²
2050 4426 2283 4501 concilijf
2322 4440 2398 4490 39.
2430 4437 2522 4477 etc.

663 4487 684 4517 ³
716 4490 797 4539 die
821 4488 901 4539 28.
929 4507 986 4538 m
1011 4507 1075 4538 m.
2000 4489 2020 4519 ⁴
2056 4492 2298 4540 Maxim1:
2336 4506 2420 4555 43.

661 4552 683 4583 ⁸
716 4554 1106 4606 Constantinus:
1146 4555 1223 4619 38.
1254 4563 1347 4606 etc.
1998 4554 2020 4585 ⁰
2051 4557 2132 4605 die
2158 4570 2234 4618 29.
2266 4559 2321 4605 in
2347 4574 2412 4607 m.
