3293 5225
449 389 546 441 254
1023 380 1078 429 S.
1116 377 1592 430 ANASTASIUS
1621 394 1640 428 .·
1672 380 1726 429 s,
1765 379 2254 431 JLDEFONSUS.
2587 379 2734 440 [nm.
2774 390 2853 441 23.

451 531 764 605 eruditus,
799 552 838 593 a
871 530 1141 594 Valerio
1177 530 1693 615 Cesaraugusto1
1725 532 2058 616 episcopo,
2088 533 2193 596 cui
2241 532 2424 595 blesa
2445 532 2669 614 lingua
2693 540 2853 600 erat.

454 638 694 682 munus
727 619 1091 682 iniunctum
1128 618 1513 701 predicandi
1547 620 1969 703 euangelium
2006 640 2127 702 pro
2153 621 2298 702 ipso
2329 621 2743 682 sanctissime
2787 628 2856 681 et

454 715 837 769 constanter
867 705 1115 769 obibat.
1207 706 1363 789 Quo
1417 708 1689 789 cognito
1745 707 2080 769 Decianus
2134 707 2473 789 prouincie
2521 726 2741 789 preses
2787 706 2854 767 in

454 793 909 875 persecutione
971 792 1371 856 Diocletiani
1434 804 1501 856 et
1564 793 1967 857 Maximiani
2026 797 2174 876 capi
2227 814 2378 856 eum
2415 792 2596 856 iubet
2629 792 2861 856 Cesar-

453 890 736 962 auguste
766 900 915 943 curn
949 881 1326 957 Valeriano,
1357 891 1424 943 et
1454 879 1777 944 vinctum2
1809 882 1893 943 ad
1942 901 2013 943 se
2043 880 2430 943 Valentiam
2463 880 2721 956 deduci,
2751 879 2859 942 vbi

453 976 723 1050 propter
770 967 922 1029 fidei
953 968 1397 1030 constantiam
1428 967 1807 1031 verberibus
1839 968 2124 1051 primum
2158 987 2364 1049 vsque
2395 967 2481 1030 ad
2513 964 2866 1030 t'ortorum3

455 1054 910 1117 lassitudinem
972 1074 1162 1117 cesus
1222 1063 1361 1117 est:
1435 1055 1678 1118 deinde
1738 1056 1803 1117 in
1881 1054 2164 1136 equuleo
2238 1054 2460 1117 ferreis
2534 1052 2868 1137 vnguibus

452 1151 807 1205 exaratus:
869 1151 1206 1223 postremo
1267 1142 1333 1204 in
1387 1140 1703 1205 craticula
1753 1143 1979 1225 prunis
2033 1141 2344 1205 subiectis
2399 1142 2766 1224 imposituS‚
2797 1149 2864 1204 et

454 1229 677 1291 ferreis
710 1228 1080 1313 pectinibus
1125 1228 1259 1291 alte
1291 1229 1627 1311 impressis
1671 1229 2200 1305 excarnificatuS,
2244 1249 2373 1310 que
2419 1248 2572 1291 cum
2619 1229 2869 1291 inuicto

456 1317 683 1378 animo
716 1316 1090 1399 pertulisset
1123 1316 1187 1378 in
1223 1335 1547 1378 carcerem
1585 1315 1958 1392 retruditur,
1988 1316 2099 1378 vbi
2132 1316 2332 1398 paulo
2365 1325 2516 1398 post
2562 1316 2862 1398 spiritum

453 1403 539 1465 ad
575 1402 872 1484 martyrij
908 1422 1221 1465 coronam
1254 1401 1709 1486 accipiendam
1744 1403 1963 1465 emisit
1993 1403 2100 1466 ,xi.
2130 1402 2445 1465 calendas
2479 1402 2837 1483 Februarij.

587 1488 742 1572 Quo
801 1490 910 1552 die
972 1490 1359 1570 martyrium
1421 1510 1690 1571 quoque
1748 1489 2118 1553 celebratur
2178 1487 2518 1570 Anastasij
2598 1490 2869 1552 natione

457 1578 654 1640 Perse
682 1600 695 1639 ε
740 1578 852 1658 qui
890 1575 1202 1639 Heraclio
1233 1577 1629 1659 imperatore
1661 1597 1812 1640 cum
1852 1577 2329 1658 lerosolymam
2361 1585 2430 1639 et
2461 1576 2606 1638 loca
2637 1587 2870 1639 sancta

454 1666 716 1727 visisset
764 1673 959 1726 extra
1008 1664 1351 1726 castellum
1410 1663 1791 1727 Bethsalem
1853 1685 2004 1727 cum
2059 1664 2170 1727 .lx.
2223 1663 2616 1727 Christianis
2669 1665 2781 1745 qui
2830 1683 2869 1725 a

458 1751 741 1815 Cesarea
777 1750 1106 1813 Palestine
1139 1752 1357 1833 ipsum
1391 1750 1651 1814 fuerant
1682 1752 1911 1827 secuti,
1943 1752 2121 1814 iussu
2172 1751 2345 1834 regis
2395 1750 2692 1814 Cosdroe
2746 1750 2868 1813 fuit

457 1837 955 1920 strangulatuS.4

1547 1974 1797 2039 Oratio,

464 2087 821 2216 ADesto
874 2086 1143 2149 domine
1191 2085 1786 2169 supplicationibus
1841 2087 2099 2162 nostri5‚
2147 2096 2219 2149 vt
2250 2087 2482 2168 quiex
2518 2085 2867 2167 iniquitate

692 2182 918 2236 nostra
972 2194 1115 2236 reos
1169 2194 1291 2235 nos
1335 2193 1479 2235 esse
1531 2174 2036 2255 cognoscimus:
2099 2174 2445 2237 beatorum
2503 2184 2868 2254 martyrum

458 2273 722 2326 tuorum
784 2259 1121 2340 Vincentij
1178 2272 1246 2325 et
1306 2261 1649 2342 Anastasij
1716 2261 2182 2324 intercessione
2258 2261 2627 2324 liberemur.
2749 2262 2873 2323 Per

457 2349 805 2412 dominum
838 2357 1156 2411 nostrum.

720 2515 786 2584 (I
831 2508 1154 2589 Alfonsus
1192 2507 1689 2591 archz'epzlrcopus
1716 2510 2047 2590 confessor.
2135 2509 2347 2572 Lectio
2378 2509 2614 2572 tertz'a.⁵

467 2623 898 2752 ALfonsus
929 2623 1040 2704 qui
1080 2633 1147 2685 et
1185 2622 1513 2686 Ilesonsus
1554 2623 1642 2686 ab
1673 2623 1824 2705 alijs
1864 2621 2105 2686 dicitur
2136 2623 2338 2686 nobili
2381 2643 2622 2705 genere
2653 2623 2873 2686 Toleti

637 2720 835 2774 natus
924 2710 1288 2772 liberalium
1381 2709 1873 2793 disciplinarum
1983 2729 2450 2792 sacrarumque
2537 2710 2872 2773 literarum

462 2798 683 2861 studio
715 2798 976 2860 deditus
1010 2796 1294 2879 Eugenij
1329 2796 1641 2860 Toletani
1677 2796 2043 2878 Isidorique
2073 2796 2490 2881 Hispalensis
2523 2797 2876 2881 presulum,

463 2894 842 2948 sanctorum
906 2885 1574 2965 doctissimorumque
1618 2884 1908 2947 virorum
1973 2884 2259 2960 monitiS,
2289 2892 2491 2966 atque
2552 2885 2878 2967 preceptis

466 2992 723 3035 morum
801 2972 1222 3034 sanctitatem
1314 2972 1652 3054 egregiam
1744 2979 1812 3033 et
1902 2971 2306 3053 singularem
2384 2992 2535 3034 cum
2629 2972 2877 3054 pietate

463 3060 835 3124 doctrinam
898 3067 1000 3121 est
1051 3058 1353 3140 adeptus.
1482 3059 1719 3138 Itaque
1768 3058 2052 3141 primum
2117 3057 2330 3120 sactus
2384 3059 2751 3121 monachus
2812 3060 2875 3121 in

466 3146 812 3229 Agaliensi
862 3145 1281 3219 monasteri0,
1315 3144 1496 3207 breui
1543 3155 1812 3227 propter
1843 3145 2158 3208 virtutum
2204 3146 2636 3227 prestantiam
2670 3145 2879 3209 abbas

465 3244 566 3297 est
641 3253 680 3295 a
771 3232 1114 3295 monachis
1204 3231 1515 3295 delectus.
1637 3231 1900 3294 Deinde
1989 3241 2253 3295 mortuo
2344 3233 2652 3314 Eugenio
2726 3232 2879 3295 cleri

468 3320 830 3403 populique
890 3319 1199 3382 Toletani
1273 3338 1522 3401 magno
1581 3338 1908 3382 consensu
1970 3318 2292 3382 sufficitur
2351 3320 2416 3382 in
2478 3321 2882 3402 episcopatu.

469 3406 672 3489 Quod
748 3426 990 3469 munus
1081 3406 1245 3468 mira
1337 3405 1706 3489 prudentia,
1795 3415 1863 3469 et
1936 3406 2291 3469 sanctitate
2377 3406 2882 3471 administrauit.

473 3494 824 3558 Hereticos
897 3493 1224 3575 quosdam
1314 3494 1425 3574 qui
1503 3493 1567 3554 in
1636 3492 1968 3574 Hispania
2042 3492 2324 3556 heresim
2407 3493 2880 3557 Heluidianam

467 3580 814 3646 tollentem
928 3589 1313 3664 perpetuam
1433 3580 1644 3642 Marie
1754 3579 1881 3643 Dei
1985 3580 2318 3662 genitricis
2414 3581 2883 3662 virginitatem,

469 3666 1015 3742 disseminabant,
1062 3667 1444 3729 doctissime
1504 3666 1891 3740 confutauit‚
1950 3667 2038 3729 ab
2091 3667 2555 3768 Hispaniaque
2615 3667 2883 3750 depulit.

473 3756 706 3856 Qua-’m
731 3754 1250 3838 disputationem
1285 3754 1648 3836 explicauit
1673 3753 1840 3816 libro
1870 3773 2068 3835 quern
2097 3754 2441 3854 inscripsit
2533 3754 2638 3816 De
2675 3755 2886 3817 Marie

472 3843 852 3925 virginitate
898 3860 1036 3903 rem
1085 3839 1404 3903 miraculo
1449 3839 1904 3905 confirmante.
1997 3839 2166 3904 Cum
2214 3842 2391 3904 enim
2427 3841 2749 3904 Alfonsus
2794 3840 2883 3903 ad

474 3949 699 4014 preces
733 3928 1094 3991 matutinas
1127 3928 1192 3991 in
1226 3927 1572 3991 ecclesiam
1615 3937 1812 3991 nocte
1843 3926 2294 4004 descenderet,
2334 3930 2611 3991 comites
2641 3928 2781 3991 eius
2814 3929 2878 3991 in

472 4017 747 4081 ecclesie
778 4015 1004 4078 limine
1026 4013 1278 4097 fulgore
1308 4016 1597 4095 quodam
1634 4015 1980 4096 repentino
2011 4014 2303 4079 deterriti
2335 4026 2509 4078 retro
2532 4024 2886 4078 cesserunt.

480 4104 600 4167 Ille
629 4123 786 4166 vero
818 4102 1184 4186 intrepidus
1215 4100 1302 4164 ad
1335 4121 1516 4164 aram
1552 4121 1939 4185 progressus
1967 4102 2292 4183 virginem
2335 4102 2546 4186 ipsam
2582 4101 2763 4174 vidit,
2818 4111 2886 4165 et

472 4190 794 4265 adorauit,
823 4190 912 4252 ab
944 4188 1316 4271 eademque
1346 4198 1622 4266 vestem,
1652 4207 1786 4270 qua
1817 4189 1883 4251 in
1922 4187 2255 4270 sacrificijs
2287 4199 2578 4253 vteretur
2609 4188 2884 4273 accepit.

567 4376 589 4473 ζ
621 4376 1102 4454 Caesaraugustam:
1139 4388 1219 4439 43.
1248 4384 1342 4426 etc.
1673 4372 1699 4471 ξ
1731 4376 1952 4427 victum:
1989 4388 2068 4440 39.
2485 4442 2497 4454 ο
2674 4443 2685 4453 ·

621 4450 914 4493 tortormm:
950 4454 1028 4505 43.
1724 4458 1819 4492 om.
1847 4453 1927 4505 43.
2392 4441 2414 4472 ⁸
2445 4442 2528 4493 dre
2551 4454 2629 4505 23.
2661 4459 2718 4491 m
2743 4458 2807 4493 m.
