3293 5225
594 464 690 531 318
1213 467 1641 517 ASSUMPTJO
1684 466 1999 516 BEATAE
2039 468 2361 518 MARJAE.
2725 469 2897 530 [AUG.
2932 481 3013 534 15.

596 620 960 703 copulatur.
1051 619 1123 683 Si
1177 620 1447 701 quidem
1502 640 1784 700 granum
1835 620 2087 703 sinapis
2133 642 2283 684 cum
2336 623 2567 684 teritur
2610 623 3018 686 accenditur.

601 708 997 771 Laurentius
1057 727 1208 770 cum
1272 709 1521 790 patitur
1581 707 2048 772 inflammatur.
2144 708 2315 771 Illud
2378 710 2595 771 feruor
2652 710 3014 773 attritionis

600 815 717 858 sue
778 804 1023 867 mouet,
1084 795 1189 857 hic
1251 796 1473 876 ignem
1553 795 1838 878 plurima
1910 797 2271 858 vexatione
2346 798 2649 878 suspirat.
2739 796 3017 879 Sinapis

601 883 935 963 (inquam)
984 884 1050 945 in
1099 882 1368 944 vasculo
1422 881 1639 944 calido
1686 883 2116 963 decoquitur:
2165 882 2562 946 Laurentius
2594 885 2660 946 in
2692 884 3015 947 craticula

604 969 1022 1032 flammarum
1074 971 1227 1052 igne
1282 979 1581 1033 torretur.
1671 968 1978 1032 Ardebat
2032 971 2257 1050 itaque
2306 972 2719 1034 extrinsecus
2772 971 3015 1034 beatus

607 1056 1006 1120 Laurentius
1060 1066 1312 1136 martyr
1363 1057 1629 1137 tyranni
1678 1058 1992 1119 seuientis
2040 1058 2381 1139 incendijS,
2430 1058 2546 1120 sed
2581 1060 2792 1121 maior
2823 1058 3011 1121 illum

605 1144 993 1206 intrinsecus
1047 1142 1290 1206 Christi
1345 1145 1588 1206 amoris
1636 1144 1911 1207 flamma
1970 1144 2280 1209 torrebat.
2372 1145 2461 1209 Et
2522 1147 2829 1226 quamuis
2892 1166 3012 1208 rex

604 1232 947 1314 improbus
999 1229 1181 1312 ligna
1228 1231 1597 1312 subijceret,
1646 1232 1952 1295 incendia
2002 1233 2253 1295 maiora
2312 1242 2732 1315 supponeret,
2784 1242 3012 1295 tamen

606 1327 874 1380 sanctus
931 1318 1328 1380 Laurentius
1382 1318 1503 1380 has
1534 1317 1839 1381 flammas
1871 1317 2022 1381 fidei
2073 1318 2290 1382 calore
2322 1340 2453 1382 non
2499 1321 2718 1395 sentit,
2747 1329 2816 1383 et
2846 1322 3012 1382 dum

608 1405 849 1469 Christi
902 1415 1215 1488 precepta
1267 1406 1534 1486 cogitat,
1581 1405 1892 1488 frigidum
1948 1415 2047 1468 est
2102 1406 2192 1468 illi
2247 1427 2448 1469 omne
2508 1407 2687 1486 quod
2750 1408 3019 1489 patitur.

611 1493 845 1573 Neque
897 1493 1074 1554 enim
1132 1502 1352 1575 potest
1401 1494 1466 1554 in
1515 1492 1874 1556 visceribus
1927 1493 2180 1574 ignium
2230 1503 2564 1557 tormenta
2610 1496 2870 1570 sentire,
2902 1496 3017 1575 qui

606 1580 908 1643 sensibus
942 1580 1228 1662 paradisi
1262 1579 1595 1661 refrigeria
1628 1580 2029 1662 possidebat.

738 1764 804 1834 ΙΙ
851 1759 911 1820 Α
923 1758 1143 1820 ducrte
1187 1778 1274 1818 an
1329 1758 1399 1819 in
1449 1758 1552 1819 die
1596 1759 2060 1839 assumptionis
2108 1757 2431 1840 virginis,¹
2465 1759 2571 1822 vel
2613 1758 2825 1840 insra²
2877 1761 3022 1822 eius

607 1855 897 1909 octauam
927 1845 1019 1906 sit
1047 1845 1503 1925 interponenda
1532 1845 1759 1926 aliqua
1788 1848 1887 1907 αθ
1928 1846 2333 1927 vagantibus.

855 2158 1124 2224 ⁴ASSV
1138 2156 1466 2221 ΜΡΤΙΟ5
1500 2157 1891 2221 MARIAE
1925 2159 2234 2240 w‘rginis⁸
2265 2159 2501 2241 duplex
2529 2160 2759 2224 maius.

1587 2296 1650 2357 A
1661 2295 1713 2357 d
1734 2306 2043 2376 vesperas.

737 2423 1062 2503 Hymnus.
1153 2419 1304 2482 Aue
1337 2419 1536 2482 maris
1565 2416 1804 2483 stella.⁷

740 2509 1140 2591 Antiphona.
1229 2506 1440 2586 Virgo
1519 2506 2037 2589 prudentissima
2112 2526 2248 2587 quo
2323 2507 2757 2590 progrederiS,
2832 2508 3028 2590 quasi

613 2618 849 2661 aurora
872 2595 1067 2660 valde
1093 2594 1370 2659 rutilans
1403 2592 1538 2657 filia
1565 2593 1749 2670 Sion,
1775 2604 1919 2658 tota
1949 2594 2258 2671 formosa,
2282 2607 2347 2658 et
2381 2596 2606 2659 suauis
2636 2617 2724 2673 ες,
2749 2595 3029 2679 pulchra

601 2696 674 2749 vt
706 2686 880 2762 luna,
909 2683 1119 2747 electa
1150 2692 1222 2744 vt
1253 2681 1371 2746 sol.

1692 2844 1935 2908 Oratio.

624 2971 1140 3102 FAmulorum
1166 2979 1427 3033 tuorum
1453 2988 1816 3050 quesumus
1847 2969 2119 3032 domine
2150 2967 2471 3053 delectis†
2502 2971 2790 3053 ignosce,
2816 2980 2889 3034 vt
2910 2971 3027 3053 qui

767 3060 888 3122 tibi
923 3058 1182 3142 placere
1206 3057 1291 3119 de
1322 3057 1580 3119 actibus
1612 3056 1853 3119 nostris
1887 3076 2020 3118 non
2046 3055 2365 3133 valemu5‚
2388 3058 2741 3140 genetricis
2774 3056 2888 3140 filij
2926 3060 3025 3121 tui

607 3147 861 3210 domini
893 3145 1099 3208 nostri
1133 3144 1600 3207 intercessione
1629 3143 1981 3206 saluemur.
2073 3164 2201 3225 per.

739 3234 804 3296 E
808 3243 835 3295 t
879 3254 1003 3297 non
1026 3232 1123 3315 fit
1165 3231 1677 3294 commemoratio
1706 3232 1783 3292 de
1825 3240 2043 3294 sancto
2072 3230 2432 3294 Laurentio
2477 3232 2547 3294 in
2592 3231 2698 3294 leis
2743 3233 3033 3314 vesperis

607 3324 740 3384 nec⁸
770 3322 872 3383 die
901 3320 1234 3383 crastz'na.⁰

1229 3487 1306 3556 (Ι,
1325 3481 1450 3543 Ad
1473 3481 1874 3542 matutinum
1921 3480 2397 3544 inuitatorium.

734 3595 980 3658 Venite
1033 3594 1386 3656 adoremus
1447 3613 1671 3675 regem
1735 3612 2003 3676 regum:
2062 3593 2249 3655 cuius
2300 3593 2489 3675 virgo
2551 3603 2764 3656 mater
2822 3593 3033 3658 hodie

604 3692 948 3765 assumpta
978 3691 1079 3744 est
1110 3683 1192 3743 ad
1227 3681 1458 3742 celum.

737 3770 1062 3848 Hymnus,
1153 3766 1216 3831 O
1251 3766 1539 3848 gloriosa
1569 3766 1914 3830 domina.¹⁰

735 3855 1132 3937 Antiphona.
1224 3854 1550 3917 Exaltata
1595 3862 1697 3917 est
1743 3863 1974 3917 sancta
2030 3854 2156 3917 Dei
2204 3855 2497 3936 genitrix
2546 3875 2743 3937 super
2786 3854 3031 3919 choros

607 3944 996 4026 angelorum
1028 3942 1114 4005 ad
1148 3941 1414 4004 celestia
1448 3961 1666 4023 regna.

707 4146 724 4177 ¹
760 4163 853 4196 om.
884 4159 961 4209 39.
990 4157 1069 4205 41.
1143 4145 1251 4204 [See
1273 4144 1434 4202 above,
1449 4160 1510 4257 ἒ).
1545 4141 1681 4207 185.]
2110 4141 2132 4174 ²
2165 4146 2340 4193 intra:
2372 4158 2451 4205 41.

709 4211 730 4242 ³
762 4212 1060 4261 dominicis:
1091 4212 1201 4258 adel.
1234 4223 1310 4272 39.
1341 4222 1418 4270 41.
1488 4222 1526 4258 1.
1558 4209 1637 4270 64.
2112 4208 2133 4239 ⁴
2166 4211 2269 4259 Die
2298 4221 2353 4273 15
2378 4229 2389 4259 ε
2416 4220 2500 4273 pr.
2531 4209 2608 4274 38.

709 4276 730 4307 ⁸
763 4278 924 4326 beate:
956 4277 1067 4324 add.
1099 4288 1175 4338 39.
1206 4288 1283 4335 41.
2108 4274 2130 4305 ⁶
2160 4292 2253 4324 om.
2285 4288 2361 4338 39.
2393 4288 2471 4336 41.

709 4341 730 4374 ⁷
764 4343 962 4405 require
984 4340 1128 4405 infra
1151 4341 1346 4401 [intraz
1382 4340 1490 4401 41.]
1514 4340 1571 4387 in
1593 4339 1745 4404 officio
1765 4340 2021 4391 sabbatino
2040 4342 2258 4389 eiusdem
2277 4356 2295 4388 .·
2327 4342 2438 4389 add.
2469 4354 2546 4403 39.
2572 4353 2650 4401 41.
2724 4341 2837 4402 [See
2858 4342 3029 4402 below,

709 4471 730 4503 ⁸
763 4474 821 4521 in
837 4487 855 4520 .·
886 4473 997 4520 add.
1028 4483 1105 4533 39.
2100 4467 2123 4499 ⁹
2154 4472 2407 4519 crastino:
2441 4484 2516 4534 39.

707 4535 748 4569 ¹⁰
781 4538 979 4601 require
1001 4536 1146 4600 infra
1168 4537 1226 4584 in
1248 4536 1398 4600 officio
1418 4535 1675 4585 sabbatino
1697 4535 1909 4585 eiusdem
1930 4550 1948 4583 .·
1979 4537 2090 4584 add.
2122 4549 2198 4598 39.
2239 4548 2318 4596 41.
2391 4537 2501 4598 [See
2524 4538 2688 4596 below,
2717 4553 2767 4602 p.
2798 4537 2946 4601 35⁴8]
