3293 5225
964 464 1091 510 l’SA
1100 463 1140 510 L
1154 463 1202 510 T
1196 463 1247 510 E
1253 464 1334 511 [ι’]
1346 464 1455 511 VM
1466 479 1483 510 .·
1540 463 1633 511 IN
1685 464 1734 511 F
1731 464 1781 511 E
1784 464 1910 511 RJA
1971 463 2348 512 SECUNDA.
2816 474 2849 521 9

1408 667 1746 729 ¹Psalmus
1774 683 1892 746 .90.

416 776 664 945 QVi
697 778 956 840 habitat
990 779 1053 839 in
1087 778 1416 842 adiutorio
1562 781 1912 843 ostendam
1951 778 2040 842 illi
2072 778 2359 841 salutare
2393 799 2633 842 meum.

553 1007 626 1098 ‘11
667 1001 1007 1065 Canticum
1044 1002 1372 1066 Simeonis
1386 1002 1688 1084 prophete
1714 1012 1779 1065 et
1818 1004 2064 1066 dicitur
2107 1003 2391 1083 quotidie
2443 1002 2540 1065 ad
2569 1001 2849 1082 Comple-

418 1098 601 1150 Iorm
609 1087 716 1150 ηιξ)

600 1200 748 1262 Vnc
812 1202 1090 1264 dimittis
1165 1221 1431 1264 seruum
1510 1213 1700 1265 tuum
1777 1201 2492 1267 domine2secundum
2571 1201 2844 1263 verbum

629 1299 815 1350 tuum
850 1288 912 1349 in
950 1308 1129 1369 pace.

568 1374 746 1455 Quia
779 1375 1084 1439 viderunt
1116 1376 1287 1438 oculi
1325 1378 1452 1437 mei
1488 1376 1775 1438 salutare
1807 1388 2013 1440 tuum.

567 1460 767 1543 Quod
802 1464 1045 1543 parasti
1079 1473 1234 1525 ante
1266 1462 1499 1525 faciem
1533 1464 1833 1526 omnium
1868 1463 2282 1545 populorum.

441 1634 461 1695 Ι
571 1548 827 1696 Lluamen
891 1550 973 1611 ad
1041 1549 1510 1613 reuelationem
1567 1551 1868 1632 gentium
1931 1562 1998 1614 et
2059 1550 2337 1632 gloriam
2401 1548 2614 1632 plebis
2693 1557 2845 1611 tuae

473 1654 657 1696 srae.

862 1780 928 1849 (1
962 1774 1160 1836 Fere‘a
1191 1774 1275 1855 ,ist
1307 1775 1405 1836 ad
1429 1774 1872 1836 matutinum.⁴
1963 1773 2279 1836 Psalmus
2307 1822 2320 1835 .
2331 1789 2425 1853 30.

444 1884 577 2011 IN
618 1896 681 1946 te
716 1885 984 1947 domine
1018 1886 1277 1967 speraui
1428 1906 1663 1948 omnes
1694 1887 1807 1968 qui
1841 1886 2120 1968 speratis
2154 1886 2217 1947 in
2252 1885 2542 1947 dominc.

1388 2110 1730 2173 ⁵Psalmus
1759 2161 1771 2173 .
1781 2126 1877 2189 34.

440 2219 574 2346 IV
578 2220 727 2282 dica
758 2222 1028 2283 domine
1062 2233 1376 2285 nocentes
1411 2243 1516 2284 me
1666 2233 1807 2284 tota
1841 2222 1947 2284 die
1982 2222 2244 2285 laudem
2278 2231 2482 2283 tuam.

1360 2433 1700 2497 “Psalmus
1728 2484 1741 2496 .
1757 2450 1891 2512 104.

425 2542 954 2674 confitemini
988 2546 1260 2608 domino
1291 2556 1357 2608 et
1389 2548 1695 2609 inuocate
1844 2546 2060 2629 legem
2093 2546 2233 2608 eius
2267 2544 2642 2626 requirant.·‘

1084 2768 1147 2838 (I
1181 2764 1241 2825 Α
1252 2763 1305 2824 d
1326 2762 1592 2825 landaf
1682 2762 1998 2825 Psalmus
2028 2763 2173 2840 .97.‘'

425 2873 817 3002 CAntate
850 2874 1124 2936 domino
1155 2875 1484 2938 canticum
1521 2896 1771 2939 nouum
1920 2884 1987 2937 et
2021 2874 2303 2956 populos
2336 2873 2398 2934 in
2447 2873 2757 2952 equitate.

536 3145 549 3174 ¹
592 3149 813 3195 l'salmus
852 3148 917 3196 de
955 3159 1090 3197 certa
1126 3158 1177 3197 et
1218 3147 1465 3198 infallibili
1506 3149 1835 3214 protectione,
1875 3148 2045 3198 diuina
2083 3149 2377 3207 intentione,
2419 3157 2468 3196 et
2516 3160 2684 3211 pugna
2726 3144 2842 3194 iusti

435 3211 655 3260 hominis
678 3212 728 3260 in
756 3213 867 3261 Deo
890 3222 939 3261 et
964 3212 1069 3262 eius
1092 3212 1340 3263 adiutorio
1362 3213 1566 3264 firmiter
1590 3214 1870 3280 sperantis:
1897 3222 1982 3278 pr.
2012 3214 2091 3263 61.
2121 3223 2213 3263 etc.

530 3273 554 3304 ‘-’
589 3277 725 3326 Luce
747 3278 1002 3327 seeundo:
1036 3279 1148 3328 add.
1179 3291 1257 3341 39.
1286 3288 1379 3328 etc.

531 3343 553 3368 ³
584 3343 883 3405 Antephona
918 3343 1069 3394 Salua
1114 3359 1207 3393 nos
1236 3343 1442 3393 domine
1474 3344 1758 3408 vigilantes,
1795 3343 1987 3394 custodi
2024 3360 2115 3394 nos
2147 3343 2467 3401 dormientes,
2493 3351 2545 3391 vt
2582 3341 2844 3406 vigilemus

420 3424 542 3456 cum
602 3407 824 3466 Christe,
880 3419 929 3457 et
974 3408 1338 3472 requiescamus
1380 3409 1433 3458 in
1477 3426 1614 3474 pace.
1708 3411 1776 3460 V.
1839 3409 2056 3459 Domine
2111 3408 2306 3458 exaudi.
2400 3409 2465 3467 R.
2513 3408 2579 3456 Et
2634 3408 2838 3456 clamor.

427 3473 665 3522 Oremus.
766 3473 928 3522 Visita
1006 3490 1252 3524 uaesumus
1402 3490 1614 3539 semper.
1712 3477 1804 3526 Per
1848 3474 2123 3524 dominum.
2219 3474 2580 3523 Benedicamus
2615 3471 2838 3521 domino,

430 3538 682 3587 Fidelium
706 3539 897 3587 animae.
1011 3542 1122 3588 alue
1144 3539 1329 3604 regina.
1403 3540 1526 3588 Loco
1546 3556 1635 3589 suo
1652 3555 1670 3588 .·
1702 3543 1813 3590 add.
1843 3540 1922 3603 63.
1948 3539 2148 3599 [collect
2171 3547 2220 3588 at
2243 3539 2462 3602 length]

530 3601 552 3632 ⁴
587 3604 813 3652 Psalmus
846 3604 908 3654 de
943 3605 1233 3655 liberatione
1256 3622 1286 3655 a
1310 3604 1628 3655 multitudine
1661 3617 1711 3656 et
1743 3604 2087 3670 magnitudine
2121 3604 2497 3654 tribulationum
2533 3601 2738 3663 Christi,
2764 3603 2842 3651 vel

433 3668 692 3718 fidelium:
728 3684 787 3718 ac
810 3670 1173 3729 consolatione,
1199 3679 1249 3719 et
1271 3670 1578 3720 exultatione
1601 3686 1805 3721 eorum:
1841 3671 1952 3720 add.
1981 3669 2061 3719 61.
2090 3679 2183 3719 etc.

537 3735 682 3782 l'ater
726 3749 892 3784 noster
930 3771 941 3784 .
985 3737 1094 3784 Aue
1139 3735 1308 3784 marie.
1398 3735 1668 3786 Confiteor.
1760 3735 2070 3786 Miseratur.
2145 3734 2532 3798 Indulgentiam.
2621 3732 2842 3781 Domine

425 3799 582 3847 labia.
646 3799 783 3848 Deus
829 3799 878 3848 in
922 3799 1237 3850 adiutorium.
1334 3802 1722 3851 Inuitatorium.
1816 3802 1999 3851 Venite
2031 3802 2322 3850 exultemus.
2419 3796 2846 3848 Inuitatm'um.·l·

422 3865 692 3926 Hymnus.
764 3866 1095 3925 Antiphona:
1127 3867 1238 3915 add.
1268 3865 1346 3928 63.

528 3927 551 3956 ⁵
587 3929 811 3978 Psalmus
833 3930 895 3980 de
919 3930 1106 3981 Christi
1129 3941 1179 3981 et
1200 3947 1400 3981 suorum
1418 3932 1754 3981 membrorum
1780 3931 2138 3997 persecutione,
2165 3939 2214 3980 et
2236 3928 2395 3979 diuini
2417 3927 2584 3992 auxilij
2609 3926 2840 3992 implora·

423 3994 588 4048 tione.
614 4011 883 4060 eorumque
909 3996 1221 4055 liberatione,
1248 4007 1297 4046 et
1320 4007 1688 4061 persecutorum
1711 4013 1909 4046 suorum
1931 3995 2243 4047 deiectione:
2269 4002 2355 4071 pr.
2384 3994 2463 4044 61.
2491 4001 2586 4043 etc.

524 4057 550 4087 ⁶
586 4059 821 4109 Incitatio
852 4062 917 4111 ud
955 4062 1053 4111 Dei
1090 4062 1288 4112 laudern
1325 4078 1417 4126 pro
1453 4062 1713 4126 beneficijs
1745 4070 1794 4111 et
1829 4061 2140 4112 mirabilibus
2178 4060 2381 4119 diurnis,
2423 4060 2609 4124 populo
2645 4058 2844 4108 Israelis

424 4125 744 4221 temporibus
765 4126 1073 4240 diuersogrurn
1099 4137 1295 4192 patrum
1316 4127 1633 4204 ‘antiquorum
1660 4127 1926 4177 exhibitis:
1954 4136 2039 4191 pr.
2068 4126 2148 4175 61.
2177 4135 2271 4176 etc.

526 4253 551 4284 ³
582 4203 882 4306 gffionmattio
902 4192 1786 4314 ἐὰέξξιῖἱιῑίἒῐῖἕὲἂεῖηὸξὶῗέἕᾶέιέ,
1814 4267 2016 4323 propter
2039 4256 2228 4308 Christi
2249 4257 2519 4307 aduentum
2543 4254 2596 4304 in
2617 4269 2838 4312 carnem,

412 4331 725 4434 moga-am
749 4322 1167 4387 redemptionem,
1193 4322 1395 4387 eiusque
1417 4323 1688 4373 aduentum
1723 4323 1787 4372 ad
1808 4323 2060 4382 iudicium,
2081 4331 2131 4372 et
2150 4333 2366 4372 nostram
2391 4320 2804 4386 glorificationem
2825 4337 2837 4368 z

523 4424 538 4435 .
605 4399 648 4433 1.
677 4397 770 4435 etc.

520 4452 1081 4577 PJSS.5¹33³di⁰t⁰¹i⁰m'
1155 4452 1484 4516 Antipleona:
1517 4454 1628 4503 add.
1659 4454 1737 4516 63.

665 4554 676 4564 .
714 4547 741 4580 ὃ
778 4557 789 4567 .
