3293 5225
791 442 1172 493 COMMUNE
1210 442 1709 491 CONFESSORIS
1740 443 2181 493 PONTIFICIS.
2598 443 2689 507 381

278 594 461 657 Bene
491 615 651 676 ergo
682 605 749 657 et
780 615 1070 676 congrue
1103 596 1167 657 in
1201 596 1326 658 hac
1358 595 1466 658 die
1512 593 1743 677 quam1
1776 595 1966 659 nobis
2012 597 2188 660 beati
2239 598 2442 680 patris
2489 598 2692 660 nostri

280 681 343 744 N
392 681 586 744 huius
631 681 718 743 ad
751 681 1130 764 paradisum
1166 683 1481 745 transitus
1525 682 1960 746 exultabilem
1995 684 2322 747 reddidit:
2370 686 2693 767 presentis

277 768 514 850 psalmi
546 769 938 832 versiculum
974 768 1518 832 decantauimus:
1553 769 1649 831 ·In
1684 772 2003 832 memoria
2032 780 2260 834 eterna
2298 773 2420 834 erit
2467 773 2690 834 iustus,

280 856 504 939 Digne
550 857 728 918 enim
780 857 845 918 in
897 857 1286 919 memoriam
1335 857 1608 919 vertitur
1654 856 2044 920 hominurn:
2092 859 2205 939 qui
2238 858 2323 921 ad
2371 859 2689 940 gaudium

275 942 538 1023 transijt
568 941 977 1024 angelorum.
1068 941 1202 1024 Qui
1237 944 1368 1006 iam
1402 945 1685 1025 gratiam
1719 943 1941 1006 christi
1974 944 2368 1008 clarificatus
2401 947 2695 1008 inuenit:

272 1031 431 1110 quia
465 1029 695 1092 mundi
728 1029 1007 1111 gloriam
1056 1050 1188 1093 non
1222 1031 1508 1112 quesiuit
1552 1050 1797 1093 cauens
1844 1030 2006 1094 illud
2051 1032 2231 1113 quod
2280 1031 2441 1096 dicit
2472 1053 2690 1095 sermo

275 1117 576 1178 diuinus:
698 1117 802 1180 Ne
864 1116 1237 1180 laudaueris
1311 1117 1651 1179 hominem
1732 1118 1795 1179 in
1857 1119 1993 1180 vita
2056 1139 2192 1194 sua,
2253 1129 2573 1201 tanquam
2637 1121 2690 1182 si

273 1201 566 1267 diceret.²
658 1203 893 1266 Lauda
926 1215 1075 1285 post
1107 1205 1333 1279 vitam,
1365 1203 1720 1285 magnifica
1752 1216 1902 1286 post
1934 1208 2596 1270 consummationem.

941 1365 1106 1428 Alia
1137 1365 1247 1447 ,1⁸sz
1279 1364 1455 1427 lectio
1485 1386 1564 1427 ex
1588 1365 1655 1427 E
1654 1366 2040 1430 cclesiastzw.

421 1477 553 1541 Cce
613 1478 918 1541 sacerdos
980 1498 1263 1560 magnus
1324 1480 1436 1560 qui
1500 1479 1564 1541 in
1637 1478 1871 1542 diebus
1931 1481 2065 1541 suis
2126 1479 2375 1561 placuit
2435 1480 2564 1544 deo
2623 1490 2692 1543 et

476 1566 784 1628 inuentus
842 1575 943 1628 est
1018 1566 1243 1641 iustu5‚
1303 1577 1370 1627 et
1433 1566 1494 1627 in
1559 1575 1858 1648 tempore
1921 1567 2256 1630 iracundie
2318 1566 2529 1630 factus
2589 1577 2690 1630 est

274 1651 737 1715 reconciliatio,
860 1652 1011 1715 Non
1074 1662 1173 1714 est
1237 1653 1547 1715 inuentus
1606 1654 1840 1715 similis
1908 1652 2018 1729 illi,
2080 1656 2193 1736 qui
2270 1665 2689 1718 conseruaret

275 1737 492 1821 legem
539 1739 803 1802 excelsi.
927 1739 1089 1802 Ideo
1136 1739 1555 1802 iureiurando
1598 1738 1751 1802 fecit
1799 1739 1981 1803 illum
2046 1742 2357 1804 dominus
2401 1762 2692 1805 crescere

274 1826 338 1886 in
388 1826 650 1906 plebem
698 1846 904 1889 suam.
997 1826 1539 1889 Benedictionem
1603 1828 1904 1889 omnium
1966 1830 2266 1910 gentium
2314 1828 2499 1892 dedit
2562 1828 2690 1891 illi:

274 1921 340 1974 et
388 1922 860 1975 testamentum
916 1933 1107 1976 suum
1156 1913 1574 1977 confirmauit
1620 1934 1816 1996 super
1861 1924 2064 1996 caput
2108 1917 2262 1978 eius,
2356 1915 2693 1997 Cognouit

269 2018 425 2060 eum
460 1999 524 2061 in
559 1999 1132 2063 benedictionibus
1178 2002 1328 2076 suiS,
1358 2002 1778 2064 conseruauit
1810 2002 1899 2063 illi
1935 2002 2448 2065 misericordiam
2482 2023 2692 2075 suam,

269 2095 338 2148 et
385 2086 639 2149 inuenit
693 2088 1246 2168 gratiam.coram
1294 2087 1501 2150 oculis
1546 2087 1818 2151 domini.
1914 2088 2375 2170 Magnificauit
2419 2111 2572 2153 eum
2624 2092 2689 2153 in

269 2184 631 2254 conspectu
695 2194 944 2256 regum,
1002 2184 1069 2237 et
1130 2173 1315 2237 dedit
1377 2175 1467 2237 illi
1529 2195 1842 2237 coronam
1919 2175 2141 2257 glorie.
2256 2176 2505 2240 Statuit
2574 2176 2693 2240 illi-‘¹

271 2268 746 2323 testamentum
784 2263 1376 2342 sempiternum,'et
1408 2260 1594 2323 dedit
1626 2262 1717 2323 illi
1765 2262 2203 2325 sacerdotium
2255 2284 2592 2344 magnum,
2622 2273 2690 2327 et

271 2346 676 2410 beatificauit
722 2348 907 2411 illum
956 2349 1020 2410 in
1070 2348 1296 2429 gloria.
1389 2348 1442 2410 F
1448 2350 1605 2428 ungi
1639 2347 2010 2411 sacerdotio
2043 2358 2112 2412 et
2144 2349 2387 2412 habere
2419 2350 2685 2414 laudem

272 2433 336 2495 in
402 2435 670 2496 nomine
719 2436 960 2516 ipsius:
1021 2446 1087 2496 et
1147 2433 1380 2497 offerre
1434 2435 1525 2497 illi
1574 2436 1913 2498 incensum
1971 2435 2248 2518 dignum
2299 2437 2363 2499 in
2411 2440 2685 2500 odorem

272 2521 636 2583 suauitatis.

1298 2683 1360 2745 A
1372 2683 1425 2744 d
1445 2683 1687 2747 laudes.

405 2792 805 2875 Antzphona.
899 2795 1091 2878 Euge
1124 2816 1311 2858 serue
1359 2795 1532 2859 bone
1565 2805 1633 2858 et
1667 2794 1896 2872 fidelis,
1928 2796 2083 2876 quia
2127 2797 2191 2858 in
2242 2817 2455 2879 pauca
2511 2796 2690 2861 suisti

275 2879 505 2957 fidelis,
537 2902 734 2964 supra
767 2881 977 2944 multa
1003 2891 1071 2945 te
1102 2882 1526 2958 constituam,
1559 2882 1721 2945 dicit
1753 2884 2078 2947 dominus,

1368 3045 1615 3110 Gratia.

289 3155 492 3284 DA
525 3176 884 3237 quesumus
933 3158 1359 3240 omnipotens
1412 3157 1598 3233 deuS,
1649 3168 1722 3220 vt
1776 3156 1951 3220 beati
2012 3158 2092 3222 N.
2146 3158 2538 3221 confessoris
2591 3160 2686 3222 tui

454 3253 655 3324 atque
702 3244 1030 3326 pontificis
1061 3246 1439 3307 veneranda
1487 3246 1851 3307 solennitas
1896 3254 1963 3308 et
2018 3246 2444 3309 deuotionem
2496 3248 2689 3309 nobis

274 3340 541 3411 augeat,
572 3341 640 3393 et
664 3330 983 3394 salutem:
1017 3352 1148 3414 per.

1083 3482 1208 3544 Ad
1241 3492 1536 3562 vesperas
1575 3480 1872 3560 hymnus:

290 3593 478 3722 ISte
511 3593 848 3657 consessor
877 3593 1130 3657 domini
1163 3598 1477 3667 sacratus,
1514 3592 1713 3655 Festa
1762 3592 1948 3675 plebs
1994 3594 2180 3657 cuius
2225 3593 2515 3658 celebrat
2572 3618 2687 3678 per

387 3681 617 3743 orbem
646 3705 658 3743 :
695 3681 920 3743 Hodie
953 3680 1125 3743 letus
1160 3682 1396 3742 meruit
1429 3680 1709 3742 secreta*
1741 3679 2076 3744 Scandere
2107 3679 2248 3745 celi.

410 3767 543 3849 Qui
582 3768 748 3850 piuS,
782 3769 1087 3850 prudenS,
1135 3768 1766 3849 humiliS,‘pudicus:
1824 3767 2115 3843 Sobrius„
2167 3778 2388 3831 castus
2440 3769 2561 3832 fuit
2615 3781 2682 3832 et

272 3855 555 3935 quietu5‚
587 3857 724 3918 vita
756 3855 916 3918 dum
953 3876 1219 3937 presens
1249 3855 1589 3934 vegetauit
1619 3855 1763 3916 eius
1796 3853 2107 3937 Corporis
2148 3866 2347 3919 artus,

410 3942 520 4003 Ad
555 3963 813 4004 sacrum
847 3943 1034 4005 cuius
1067 3942 1397 4005 tumulum
1455 3942 1831 4023 frequenter
1888 3940 2193 4004 Membra
2245 3942 2680 4023 languentum

277 4029 479 4092 modo
511 4030 778 4091 sanitati
815 4029 1133 4111 Quolibet
1169 4030 1400 4092 morbo
1434 4029 1677 4091 suerint
1709 4039 1985 4110 grauata
2026 4029 2509 4093 Restituuntur.

407 4116 604 4179 Vnde
638 4137 813 4178 nunc
847 4128 1070 4179 noster
1100 4117 1340 4179 chorus
1395 4117 1459 4178 in
1516 4114 1792 4178 honore⁵
1853 4116 2067 4197 Ipsius
2122 4117 2447 4196 hymnum
2504 4119 2682 4179 canit

275 4202 451 4265 hunc
487 4204 781 4280 libenter,
814 4204 911 4267 Vt
945 4204 1072 4286 pijs
1104 4206 1244 4265 eius
1277 4203 1525 4264 meritis
1558 4203 1862 4265 iuuemur
1894 4201 2116 4266 Omne
2151 4225 2266 4286 per
2296 4224 2514 4267 euum.

409 4290 511 4354 Sit
573 4291 749 4355 salus
812 4292 922 4367 illi,
983 4293 1187 4353 decus
1230 4299 1449 4370 ‚atque
1499 4290 1721 4364 virtuS,
1777 4288 1910 4371 Qui
1965 4310 2163 4372 supra
2217 4290 2339 4353 celi
2390 4291 2682 4354 residens

370 4444 391 4539 Ξ
423 4445 589 4510 quod:
626 4459 704 4505 44.
1122 4440 1145 4535 ξ
1176 4441 1455 4491 diceretur:
1492 4456 1570 4502 44.
1602 4455 1681 4502 49.
1711 4440 1790 4491 60.
1821 4442 1901 4493 61.
2265 4442 2286 4472 ³
2319 4443 2451 4494 illis:
2490 4457 2567 4505 41.

424 4526 676 4575 superna:
714 4522 791 4572 39.
821 4522 901 4570 41.
1181 4509 1455 4556 honorem:
1494 4520 1570 4569 39.
1602 4520 1696 4557 etc.
