3293 5225
1007 450 1104 499 IN
1129 451 1269 499 FES
1279 452 1366 499 Tc)
1404 452 1766 500 CORPORIS
1804 452 2120 500 CHRISTI.
2689 465 2743 514 17
2753 465 2777 516 5

853 778 1239 842 FESTVM
1321 777 1797 842 CORPORIS
1877 778 2297 854 CHRISTI,

799 934 1032 1014 duplex
1060 934 1288 996 maius,
1378 938 1445 1007 ἦ
1492 933 1613 994 Ad
1636 943 1943 1014 vesperas,
2037 933 2357 1012 Hymnus.

380 1047 688 1176 PAnge
768 1046 994 1127 lingua
1075 1045 1339 1126 gloriosi
1417 1046 1710 1126 corporis
1774 1046 2205 1125 mysterium:
2287 1045 2780 1128 Sanguinisque

516 1135 810 1214 preciosi,
844 1132 1062 1215 Quem
1113 1134 1176 1195 in
1230 1131 1458 1193 mundi
1515 1133 1827 1214 precium,
1867 1133 2148 1194 Fructus
2181 1134 2427 1195 ventris
2477 1135 2777 1214 generosi

372 1221 520 1282 Rex
556 1220 812 1303 effugit¹
844 1221 1159 1300 gentium.

501 1307 710 1368 Nobis
743 1307 956 1382 datu5‚
991 1307 1180 1368 nobis
1215 1316 1425 1368 natus
1479 1305 1589 1367 Ex
1639 1307 1888 1369 intacta
1920 1307 2214 1387 virgine:
2274 1307 2362 1369 Et
2410 1308 2474 1369 in
2526 1308 2780 1369 mundo

366 1404 795 1455 conuersatus
860 1393 1109 1474 Sparso
1161 1392 1343 1455 verbi
1396 1393 1686 1454 semine:
1759 1392 1875 1456 Sui
1932 1414 2151 1456 moras
2206 1393 2533 1457 incolatus
2607 1395 2780 1456 Miro

365 1480 602 1543 clausit
633 1482 878 1543 ordine.
1384 1499 1393 1512 ·

506 1568 579 1628 In
614 1588 921 1649 supreme
953 1576 1146 1629 nocte
1180 1587 1340 1629 cene
1377 1567 1801 1628 Recumbens
1833 1587 1984 1629 cum
2012 1566 2355 1630 fratribus:
2407 1568 2782 1631 Obseruata

370 1653 514 1735 lege
562 1654 755 1736 plene
803 1654 984 1718 Cibis
1032 1654 1095 1716 in
1132 1654 1493 1736 legalibus:
1543 1653 1783 1717 Cibum
1820 1654 2008 1716 turbe
2040 1654 2347 1717 duodene
2383 1654 2617 1718 Sedat2
2649 1656 2782 1717 suis

370 1743 694 1804 manibus,

503 1828 798 1890 Verbum
850 1849 1003 1890 caro
1054 1848 1293 1910 panem
1344 1847 1588 1903 verum,
1638 1827 1866 1889 Verbo
1914 1849 2177 1890 carnem
2229 1827 2469 1891 efficit:
2544 1831 2782 1910 Fitque

370 1917 638 1996 sanguis
673 1915 917 1979 Christi
964 1936 1215 1978 merum
1247 1938 1259 1977 :
1310 1915 1400 1976 Et
1431 1916 1483 1976 si
1518 1935 1749 1977 sensus
1782 1915 2039 1977 deficit:
2091 1916 2201 1976 Ad
2237 1915 2635 1979 firmandum
2670 1938 2784 1979 cor

370 2023 720 2083 syncerum
759 2002 917 2066 Sola
951 2002 1113 2064 fides
1145 2001 1404 2065 sufficit.

504 2089 799 2151 Tantum
847 2110 1006 2168 ergo
1038 2100 1527 2152 sacramentum
1551 2088 1964 2151 Veneremur
1994 2091 2254 2151 cernui:
2308 2090 2395 2152 Et
2430 2092 2776 2171 antiquum

371 2177 846 2239 documentum
915 2178 1112 2239 Nouo
1172 2177 1367 2238 cedat
1430 2176 1619 2237 ritui:
1695 2177 1948 2238 Prestet
2011 2176 2174 2237 fides
2235 2178 2777 2258 supplementum

375 2262 707 2326 Sensuum
742 2263 1044 2326 defectui.

504 2350 824 2425 Genitori,
870 2352 1227 2431 genitoque
1295 2350 1492 2424 LauS,
1536 2360 1603 2413 et
1652 2350 1989 2413 iubilatio:
2040 2349 2252 2426 SaluS,
2299 2351 2526 2424 honor,
2575 2353 2780 2414 virtus

372 2456 637 2518 quoque
686 2437 805 2513 Sit,
851 2450 917 2499 et
966 2437 1377 2500 benedictio:
1436 2437 1826 2498 Procedenti
1873 2438 1961 2499 ab
1992 2447 2309 2518 vtroque:
2358 2438 2650 2521 Compar
2696 2440 2781 2502 sit

372 2522 680 2588 laudatio
776 2525 1016 2587 Amen.

503 2678 895 2759 Antt'plzona.
975 2677 1301 2742 Sacerdos
1335 2678 1396 2739 in
1434 2687 1733 2740 eternum
1758 2678 2058 2742 Christus
2084 2678 2394 2742 dominus
2414 2680 2779 2743 secundum

375 2766 676 2828 ordinem
718 2764 1208 2828 Melchisedech
1243 2786 1483 2847 panem
1518 2775 1584 2826 et
1617 2765 1844 2826 vinum
1879 2765 2144 2828 obtulit.

1463 2918 1707 2982 Oratio,

389 3032 682 3161 DEuS,
757 3033 867 3112 qui
946 3031 1136 3093 nobis
1211 3031 1333 3093 sub
1408 3042 1826 3093 sacramento
1903 3032 2184 3094 mirabili
2268 3034 2590 3115 passionis
2676 3045 2787 3096 tue

554 3120 941 3181 memoriam
996 3118 1332 3199 reliquisti,
1376 3118 1590 3179 tribue
1637 3138 2014 3198 quesumuS,
2047 3120 2138 3181 ita
2193 3140 2313 3182 nos
2364 3122 2673 3203 corporiS,
2720 3131 2785 3183 et

374 3206 713 3287 sanguinis
790 3207 884 3267 tui
961 3225 1146 3267 sacra
1223 3206 1538 3285 mysteria
1612 3207 1929 3277 venerari,
1990 3217 2059 3268 vt
2137 3207 2612 3289 redemptionis
2673 3218 2784 3270 tue

377 3292 657 3355 fructum
694 3294 758 3354 in
793 3292 984 3374 nobis
1016 3291 1240 3373 igitur³
1271 3292 1650 3353 sentiamus.
1743 3292 1874 3373 Qui
1908 3294 2075 3355 viuis
2106 3304 2173 3356 et
2206 3314 2458 3376 regnas,
2491 3304 2616 3358 etc.

954 3465 1021 3534 {1
1065 3459 1126 3520 A
1137 3459 1190 3520 d
1212 3459 1539 3520 matutina
1547 3479 1626 3520 m.
1718 3458 2204 3522 lnm‘tatorium.

516 3570 1024 3635 Sanctissimum
1062 3569 1304 3634 Christi
1338 3590 1595 3651 corpuS,
1624 3572 1847 3632 venite
1880 3570 2250 3635 adoremus,

1416 3742 1741 3823 Hymnus,

381 3858 676 3991 SAcris
731 3856 1045 3937 solennijs
1097 3857 1320 3918 iuncta
1366 3856 1497 3917 sint
1544 3857 1827 3938 gaudia:
1887 3857 1968 3919 Et
2023 3878 2108 3919 ex
2152 3859 2511 3940 precordijs
2548 3870 2785 3923 sonent

511 3946 820 4028 preconia
850 3968 862 4006 z
914 3942 1258 4006 Recedant
1290 3953 1551 4006 vetera:
1600 3963 1773 4005 noua
1815 3944 1949 4005 sint
1981 3946 2207 4007 omnia
2237 3969 2249 4007 :
2300 3945 2539 4022 Corda,
2571 3968 2783 4020 voceS,

374 4042 443 4096 et
474 4053 693 4115 opera.

512 4120 746 4182 Noctis
824 4117 1132 4181 recolitur
1206 4136 1369 4178 cena
1446 4117 1828 4192 nouissima,
1906 4115 2058 4198 Qua
2135 4118 2438 4183 Christus
2500 4120 2789 4183 creditur

378 4227 646 4289 agnum,
724 4215 789 4269 et
864 4225 1140 4287 azyma:
1218 4203 1501 4289 Dedisse
1570 4201 1878 4266 fratribus
1939 4205 2130 4267 iuxta
2191 4206 2490 4289 legitima
2553 4207 2788 4270 Priscis

378 4293 635 4357 indulta
667 4293 982 4375 patribus,

478 4453 494 4484 ¹
540 4454 677 4503 Thus
698 4456 800 4503 also
823 4453 900 4517 38.
974 4452 1180 4503 effudit:
1219 4464 1296 4514 39.
1326 4460 1417 4501 etc.
1687 4450 1708 4479 ²³
1750 4452 1889 4500 Thus
1910 4454 2012 4501 also
2035 4452 2113 4516 38.
2187 4453 2251 4503 Se
2274 4453 2359 4503 dat
2383 4473 2395 4503 z
2434 4467 2510 4518 39.
2541 4464 2634 4505 etc.

476 4518 498 4549 ³
531 4519 736 4584 iugiter:
775 4519 852 4583 38.
884 4528 977 4569 etc.
