3293 5225
993 481 1381 532 DOMINICA
1417 481 1664 531 PRIMA
1700 478 2136 530 ADVENTUS.
2711 486 2774 536 43

492 633 725 697 Procul
757 635 1070 699 recedant
1098 635 1377 700 somnia.
1454 635 1544 697 Et
1571 635 1865 698 noctium
1893 633 2401 715 phantasmata:
2454 630 2772 693 Hostem-

362 741 492 803 que
522 732 822 784 nostrum
869 724 1251 804 comprime,
1285 722 1391 785 Ne
1422 722 1804 804 polluantur
1837 740 2158 802 corpora:

494 808 723 872 Presta
785 819 973 909 pater
1048 811 1477 892 omnipotens
1535 830 1656 892 per
1712 809 1933 872 Iesum
1990 806 2326 871 Christum
2381 805 2770 868 dominum:

367 893 499 977 Qui
531 905 752 959 tecum
788 897 853 958 in
887 906 1303 979 perpetuum,
1337 897 1605 980 Regnat
1635 917 1788 959 cum
1823 905 2057 959 sancto
2090 893 2359 975 Spiritu.
2450 891 2694 954 Amen.

494 982 656 1045 Post
710 982 1022 1066 hymnum
1083 984 1400 1066 incipitur
1467 983 1837 1065 antiphona.
1973 980 2177 1045 Salua
2238 1000 2376 1044 nos
2517 978 2775 1041 Deinde

362 1069 672 1132 dicuntur
712 1080 844 1133 tres
857 1072 1122 1152 psalmi,
1156 1081 1230 1134 vt
1279 1072 1350 1133 in
1384 1070 1713 1152 psalterio,
1767 1068 2000 1152 quibus
2048 1067 2332 1150 quotidie
2381 1066 2777 1147 adiungitur

360 1157 695 1222 canticum.
787 1158 983 1221 Nunc
1037 1159 1319 1221 dimittis
1351 1177 1612 1221 seruum
1670 1167 1858 1220 tuum
1914 1156 2202 1232 domine,
2252 1164 2358 1218 etc.
2411 1175 2533 1236 quo
2567 1151 2770 1234 fintto

363 1243 608 1305 dicitur
682 1244 938 1326 integra
1026 1245 1397 1327 antiphona.
1549 1244 1754 1309 Salua
1838 1264 1961 1306 nos
2042 1243 2313 1305 domine
2402 1240 2770 1323 vigilanteS,

363 1331 622 1394 custodi
673 1351 796 1393 nos
828 1333 1249 1405 dormienteS,
1283 1342 1355 1394 vt
1401 1332 1752 1414 vigilemus
1801 1351 1952 1394 cum
1989 1329 2272 1405 Christo,
2302 1338 2369 1392 et
2402 1328 2769 1410 requiesca-

364 1438 511 1480 mus
543 1419 609 1480 in
657 1438 839 1500 pace.

491 1505 635 1568 Hec
680 1505 1034 1587 antiphona
1082 1506 1326 1569 dicitur
1376 1518 1504 1588 per
1575 1516 1778 1568 totum
1819 1525 2067 1566 annum
2143 1503 2240 1565 ad
2280 1500 2774 1584 completorium,

348 1602 761 1673 preterquam
839 1594 908 1654 in
985 1593 1201 1655 triduo
1275 1603 1425 1655 ante
1482 1593 1747 1675 pascha.
1881 1591 2136 1654 Deinde
2231 1590 2477 1652 dicitur
2533 1607 2772 1651 versus.

367 1677 656 1742 Domine
701 1678 948 1743 exaudi
993 1682 1360 1744 orationem
1418 1701 1655 1744 meam.
1761 1678 2278 1759 Responsorium.
2388 1677 2478 1739 Et
2523 1675 2774 1737 clamor

363 1785 548 1828 meus
578 1767 664 1829 ad
697 1777 763 1829 te
793 1768 1033 1831 veniat.

1230 1879 1536 1945 OremuS.
1629 1878 1872 1942 Oratio.

368 1989 669 2117 VIsita
744 2012 1106 2093 quesumus
1162 1992 1432 2055 domine
1506 1991 1990 2054 habitationem
2069 1990 2309 2052 istam:
2405 1999 2472 2051 et
2533 2008 2766 2050 omnes

531 2078 801 2141 insidias
862 2079 1107 2142 inimici
1168 2079 1255 2141 ab
1313 2100 1392 2142 ea
1453 2079 1652 2159 longe
1714 2078 1998 2160 repelle.
2076 2076 2324 2159 Angeli
2397 2076 2492 2138 tui
2559 2076 2771 2137 sancti

361 2163 663 2227 habitent
716 2167 780 2229 in
834 2187 951 2229 ea:
997 2168 1107 2248 qui
1160 2187 1282 2229 nos
1312 2168 1376 2228 in
1429 2186 1592 2249 pace
1636 2165 2059 2228 custodiant:
2106 2174 2174 2227 et
2205 2160 2581 2226 benedictio
2626 2161 2768 2225 tuo¹

364 2252 445 2312 sit
478 2272 674 2332 super
705 2274 826 2315 nos
855 2273 1159 2335 semper:
1208 2274 1326 2336 per
1369 2253 1716 2316 dominum
1769 2262 2067 2315 nostrum
2123 2249 2375 2312 ²²Iesum
2430 2249 2766 2313 Christum

367 2337 570 2399 filium
606 2351 815 2416 tuum,
845 2350 951 2404 etc.
1038 2340 1556 2423 Responsorium.
1605 2340 1875 2403 Αῐῐιεῐη.2
1984 2339 2237 2402 Versus.
2286 2337 2773 2400 Benedicamus

364 2425 653 2488 domino,
785 2428 1301 2508 Responsorium.
1397 2427 1544 2489 Deo
1618 2426 1940 2509 grati[a]s.
2112 2425 2362 2489 Versus,
2441 2424 2767 2487 Fidelium

363 2513 581 2573 anime
617 2532 733 2594 per
765 2515 1281 2577 misericordiam
1310 2516 1415 2578 dei
1450 2515 1864 2597 requiescant
1898 2515 1964 2576 in
1993 2533 2175 2596 pace.
2251 2511 2770 2593 Responsorium.

362 2598 604 2663 Amen.

975 2714 1074 2777 Et
1097 2715 1192 2776 sic
1199 2714 1402 2796 finito
1430 2715 1821 2797 completorio
1851 2712 2134 2777 dicitur.3

367 2822 644 2955 SAlue
677 2826 904 2905 regina
951 2827 1395 2891 misericordie
1448 2828 1585 2890 vita
1634 2827 1936 2901 dulced0‚
1970 2836 2036 2889 et
2091 2846 2242 2908 spes
2297 2834 2523 2887 nostra
2570 2823 2771 2887 salue.

495 2911 609 2974 Ad
685 2922 752 2974 te
827 2913 1193 2975 clamamus
1253 2913 1487 2976 exules
1565 2912 1677 2990 filij
1749 2913 1908 2980 Eue.
2045 2912 2159 2975 Ad
2236 2923 2302 2975 te
2363 2912 2770 2994 suspiramus

364 3008 727 3079 gementes,
788 3009 854 3062 et
923 2999 1158 3063 flentes
1218 3001 1280 3062 in
1345 3001 1469 3063 hac
1533 3000 2024 3082 lachrymarum
2087 2999 2276 3064 valle.
2399 3000 2548 3080 Eya
2609 3018 2771 3079 ergo

359 3083 689 3148 aduocata
722 3096 963 3161 nostra,
996 3086 1141 3149 illos
1185 3097 1337 3150 tuos
1384 3087 1835 3151 misericordes
1880 3088 2109 3151 oculos
2154 3088 2240 3149 ad
2289 3107 2410 3149 nos
2443 3095 2771 3148 conuerte.

364 3171 453 3234 Et
490 3172 711 3235 Iesum
744 3174 1166 3237 benedictum
1199 3173 1481 3238 fructum
1515 3175 1765 3238 ventris
1796 3176 1889 3238 tui
1923 3175 2115 3237 nobis
2147 3184 2297 3256 post
2332 3174 2457 3236 hoc
2488 3172 2765 3235 exilium

360 3255 655 3322 ostende.
747 3258 807 3324 O
841 3260 1150 3337 clemenS,
1181 3283 1222 3324 o
1254 3263 1378 3362 pia,
1412 3283 1453 3325 o
1484 3262 1696 3326 dulcis
1733 3263 1917 3343 virgo
1969 3261 2200 3324 Maria.
2332 3260 2568 3324 Versus
2630 3259 2770 3323 Ora

359 3366 481 3425 pro
513 3345 702 3408 nobis
735 3357 967 3410 sancta
998 3348 1103 3410 dei
1137 3350 1445 3429 genitrix.
1522 3348 2040 3431 Responsorium.
2087 3347 2185 3410 Vt
2207 3348 2388 3429 digni
2411 3346 2775 3410 efficiamur

354 3434 900 3515 promissionibus
948 3434 1205 3499 Christi.

1215 3547 1517 3613 OremuS.
1613 3547 1859 3612 Oratio.

363 3655 904 3787 OMnipotens
954 3659 1357 3741 sempiterne
1441 3660 1623 3736 deuS,
1678 3661 1789 3742 qui
1852 3660 2137 3743 gloriose
2215 3659 2483 3740 virginis
2562 3658 2775 3721 Marie

537 3765 793 3827 corpuS,
855 3757 919 3809 et
979 3747 1293 3823 animam,
1338 3757 1409 3809 vt
1456 3748 1731 3829 dignum
1789 3747 1901 3828 filij
1955 3748 2051 3810 tui
2104 3746 2555 3810 habitaculum
2604 3744 2775 3808 effici

363 3840 761 3894 mereretur:
792 3832 1074 3915 Spiritu
1120 3844 1353 3896 sancto
1407 3844 1811 3916 cooperante
1863 3836 2244 3916 preparasti.
2337 3833 2446 3895 Da
2478 3843 2549 3894 vt
2591 3833 2781 3895 cuius

359 3921 1001 3982 commemoratione
1033 3920 1316 3983 letamur
1347 3944 1359 3983 :
1409 3922 1549 3984 eius
1583 3923 1691 4002 pia
1740 3923 2207 3984 intercessione
2253 3920 2339 3982 ab
2372 3919 2774 3982 instantibus

362 4004 572 4079 maliS,
635 4016 702 4068 et
762 4027 803 4068 a
864 4019 1078 4069 morte
1139 4018 1462 4091 perpetua
1523 4008 1877 4071 liberemur
1921 4029 2038 4091 per
2083 4006 2368 4071 eundem
2434 4006 2775 4071 Christum

359 4091 712 4154 dominum
766 4104 1083 4157 nostrum.
1191 4095 1711 4177 Responsorium.
1761 4096 2004 4159 Amen.
2131 4095 2381 4159 Versus.
2450 4093 2770 4156 Diuinum

352 4180 685 4241 auxilium
720 4191 988 4244 maneat
1018 4201 1279 4265 semper
1309 4183 1639 4245 noscunt*
1724 4182 2240 4264 Responsorium.
2288 4181 2532 4244 Amen.

491 4272 557 4342 ΙΙ
589 4266 889 4329 Predicto
955 4268 1138 4331 modo
1204 4270 1463 4334 dicitur.
1575 4269 1778 4334 Salue
1833 4270 2077 4352 regina.
2123 4279 2228 4333 etc.
2279 4289 2423 4331 cum
2476 4267 2780 4331 oratione.

355 4352 813 4435 Omnipotens
845 4356 1263 4437 sempiterne.
1295 4367 1399 4421 etc.
1428 4357 1496 4419 in
1511 4356 1658 4439 fine
1686 4357 2079 4439 completoer
2086 4367 2213 4437 per
2254 4366 2455 4418 totum
2515 4374 2789 4431 annum

455 4477 474 4509 ¹
509 4487 627 4528 tua·
665 4478 742 4542 38.
772 4490 866 4529 etc.
895 4496 1019 4531 sua.
1053 4496 1133 4542 44.
1921 4481 2008 4520 2—
2007 4480 2030 4512 ²
2060 4500 2153 4532 om.
2183 4482 2262 4546 63.

455 4543 752 4594 ³salutatio
774 4561 1008 4609 sequens:
1041 4549 1151 4597 add.
1182 4560 1260 4611 39.
1289 4548 1369 4597 61.
1922 4550 1943 4579 ⁴
1978 4548 2269 4599 nobiscum·
2257 4585 2270 4597 .
2307 4546 2386 4611 38.
2415 4556 2508 4596 etc.
