3293 5225
1213 437 1453 486 SABBA
1467 438 1557 486 TO
1613 438 1807 486 SANC
1818 439 1918 487 TO.
2681 451 2771 502 133

364 590 680 670 quoniam
708 599 895 672 pater
927 591 1136 653 maior
1169 611 1274 653 me
1307 600 1419 653 est.
1512 590 1712 653 Vnde
1757 612 1844 653 ex
1880 591 2092 653 forma
2125 592 2228 654 dei
2255 598 2281 654 ?
2313 611 2439 674 ego
2470 600 2536 654 et
2583 601 2773 673 pater

365 697 568 739 vnum
590 697 835 740 sumuS.
912 675 1089 758 Quia
1111 699 1261 741 cum
1284 678 1347 739 in
1373 677 1582 740 forma
1601 677 1707 740 dei
1733 687 1907 741 esset
1933 699 2064 741 non
2093 680 2391 760 rapinam
2418 679 2771 743 arbitratus

361 775 462 826 est
492 784 636 826 esse
668 784 739 826 se
770 764 1074 846 equalem
1107 768 1251 828 deo,
1341 765 1541 827 Vnde
1572 785 1662 826 ex
1695 765 1908 827 forma
1955 766 2171 828 serui?
2218 767 2534 848 quoniam
2587 775 2775 848 pater

368 850 579 913 maior
657 872 764 914 me
838 862 977 914 est:
1042 853 1197 932 quia
1258 853 1691 934 semetipsum
1755 853 2166 915 exinaniuit:
2253 852 2535 915 sormam
2599 853 2769 915 serui

362 938 710 1018 accipiens
803 938 1106 1002 Accessit
1136 937 1318 1020 ergo1
1351 939 1437 1001 ad
1488 959 1601 1001 cor
1651 939 1859 1001 altum
1890 962 1903 1002 ε
1929 950 1996 1002 et
2049 939 2386 1002 exaltatus
2435 949 2537 1002 est
2590 940 2771 1002 deus,

366 1023 709 1088 Occiditur
738 1025 978 1088 homo:
1010 1035 1079 1088 et
1110 1026 1448 1088 exaltatur
1478 1024 1658 1089 deuS.
1752 1025 1952 1108 Quod
1985 1028 2162 1089 enim
2197 1028 2452 1090 occisus
2497 1036 2636 1090 est:
2682 1047 2772 1089 ex

364 1109 748 1174 infirmitate
768 1113 1061 1175 humana
1082 1112 1221 1176 fuit.
1300 1112 1501 1195 Quod
1528 1113 1886 1175 resurrexit
1907 1123 1972 1175 et
1999 1114 2298 1177 ascendit
2330 1136 2417 1177 ex
2440 1123 2774 1195 potestate

361 1198 590 1260 diuina
609 1197 906 1261 accedet2
930 1200 1133 1262 homo
1153 1200 1238 1262 ad
1265 1220 1377 1261 cor
1398 1199 1629 1274 altum,
1650 1221 1761 1262 cor
1783 1212 2131 1274 secretum,
2155 1222 2267 1263 cor
2290 1200 2777 1278 absconditum,

373 1304 506 1346 non
540 1288 903 1349 ostendens
933 1287 1094 1368 quid
1130 1295 1371 1361 nosset,
1397 1307 1527 1348 non
1563 1287 1921 1348 ostendens
1953 1288 2113 1367 quid
2146 1299 2336 1351 esset.

491 1378 557 1447 (Ι
605 1373 728 1435 Ad
769 1373 1009 1435 laudes.
1100 1374 1493 1455 Antip-leona.
1587 1373 1649 1437 O
1704 1394 1879 1436 mors
1934 1395 2048 1437 ero
2102 1395 2280 1438 mors
2329 1384 2464 1451 tua,
2515 1395 2774 1438 morsus

364 1467 516 1521 tuus
549 1480 661 1522 ero
695 1458 998 1534 inferne.†

799 1622 859 1684 A
870 1622 923 1684 d
943 1633 1236 1703 vesperas
1263 1623 1544 1685 absolute
1573 1622 1827 1684 dicitur.
1919 1623 1978 1684 Α
1992 1622 2312 1703 ntipltona.

499 1732 852 1808 Halleluia,
899 1732 1226 1807 halleluia,
1272 1733 1599 1796 halleluia.
1691 1734 1988 1816 Vespere
2034 1744 2259 1798 autem
2323 1733 2602 1808 sabbati,
2650 1753 2779 1814 que

361 1819 633 1883 lucescit
667 1821 732 1882 in
765 1822 979 1903 prima
1009 1821 1288 1896 sabbati,
1319 1822 1499 1883 venit
1535 1822 1750 1883 Maria
1786 1821 2206 1903 Magdalene,
2237 1831 2303 1884 et
2335 1821 2541 1885 altera
2564 1822 2780 1884 Maria

365 1906 588 1969 videre
620 1908 1040 1989 sepulchrum
1081 1906 1431 1971 Halleluia.

494 2000 560 2069 (I
606 1994 859 2056 Deinde
874 1995 1129 2076 psalmi
1167 2005 1240 2057 vt
1268 1995 1337 2057 in
1369 1995 1681 2076 psalterio
1738 2005 1801 2057 et
1851 1995 1921 2056 in
1954 1993 2098 2077 fine
2144 1994 2478 2058 cuiuslibet
2523 1993 2780 2057 dicitur.

363 2078 620 2144 ³Gloria
652 2083 821 2163 patri
853 2093 921 2144 et
952 2081 1113 2146 filio3
1143 2103 1316 2144 more
1344 2082 1525 2144 solito
1553 2081 1786 2164 quibus
1795 2082 2026 2163 finitis
2053 2103 2195 2144 cum
2227 2082 2466 2144 cantico
2517 2082 2779 2164 Magni-

370 2165 549 2230 ficat⁴
577 2169 883 2249 repetitur
910 2169 969 2230 A
981 2169 1303 2249 ntiplcona.

493 2255 748 2317 Deinde
777 2255 1022 2318 dicitur
1048 2255 1311 2319 versus.5
1405 2255 1697 2318 Domine
1728 2256 1976 2319 exaudi
2013 2265 2115 2318 etc.

1445 2442 1688 2507 Oratio.

474 2600 747 2662 Piritum
827 2598 1017 2663 nobis
1092 2598 1361 2662 domine
1436 2607 1547 2661 tue
1636 2597 1977 2660 charitatis
2057 2596 2372 2661 infunde:
2453 2607 2520 2660 vt
2611 2618 2780 2679 quos

499 2687 929 2749 sacramentis
950 2685 1371 2768 paschalibus
1392 2685 1688 2749 saciasti:
1721 2694 1835 2747 tua
1860 2684 2062 2747 facias
2097 2685 2346 2766 pietate
2376 2685 2738 2748 concordes
2769 2709 2783 2747 ε

370 2796 502 2856 per.
538 2776 603 2835 in
635 2774 889 2837 vnitate
921 2774 1235 2849 eiusdem,
1266 2783 1367 2835 etc.

517 2860 764 2923 Versus.
802 2861 1286 2924 Benedicamus
1311 2859 1599 2922 domino,
1661 2857 2014 2922 Halleluia.
2053 2856 2408 2922 Halleluia.
2498 2858 2779 2939 Respon-

367 2948 629 3011 sorium.
722 2947 871 3011 Deo
902 2948 1162 3030 gratias,
1217 2946 1573 3022 Halleluia,
1602 2945 1929 3009 halleluia.
2024 2945 2353 3008 Fidelium
2400 2947 2620 3008 anime
2670 2966 2786 3028 per

372 3035 888 3098 misericordiam
922 3046 1027 3098 etc.

499 3122 796 3184 Predicto
857 3122 1038 3183 modo
1096 3121 1342 3183 dicitur
1398 3120 1883 3183 Benedicamus
1960 3119 2252 3183 domin0.
2326 3140 2468 3181 cum
2544 3119 2791 3200 duplici

376 3208 725 3272 Halleluia.
788 3209 857 3271 in
900 3208 1045 3290 fine
1116 3207 1405 3270 omnium
1479 3206 1791 3269 horarum
1851 3216 1979 3286 per
2048 3215 2246 3268 totam
2321 3206 2782 3269 hebdomadam

365 3306 738 3378 sequentem.

498 3389 564 3458 (ἶ
611 3382 734 3444 Ad
771 3383 1256 3463 completorium.
1368 3382 1445 3443 V.
1513 3380 1844 3444 Conuerte
1909 3400 2030 3441 nos
2086 3380 2271 3442 Deus
2321 3379 2626 3443 salutaris
2675 3390 2780 3443 etc.

372 3470 559 3532 Deus
591 3470 655 3531 in
690 3470 1089 3533 adiutorium
1126 3488 1368 3543 meum,
1398 3477 1507 3531 etc.
1559 3465 1896 3529 Halleluia
1926 3477 1989 3528 et
2014 3477 2217 3529 cetera
2247 3467 2467 3529 omnia
2498 3478 2570 3531 vt
2585 3478 2782 3548 supra

365 3567 516 3618 ante
572 3556 1120 3638 septuagesimam.
1212 3555 1276 3617 E
1280 3565 1309 3616 t
1364 3555 1433 3616 in
1465 3554 1611 3636 fine
1660 3552 2016 3634 antiphone.
2065 3553 2268 3617 Salua
2303 3571 2458 3617 nos·
2512 3554 2790 3616 additur

372 3642 677 3705 Alleluia.
710 3664 905 3726 usque
933 3644 1029 3705 ad
1052 3642 1519 3705 Ascensionem.

470 3798 485 3829 ¹
520 3800 707 3849 homoz
742 3800 853 3848 add.
882 3798 960 3847 61.
990 3797 1067 3857 64.
1773 3795 1795 3825 ²³
1830 3796 2067 3845 accessit:
2106 3808 2183 3858 39.
2208 3809 2286 3857 41.
2316 3796 2393 3845 60.
2424 3795 2504 3845 61.

467 3863 574 3900 ³—³
610 3865 932 3929 Magnificat:
970 3863 1046 3912 66.
1282 3860 1302 3891 ⁴
1336 3878 1426 3910 om.
1457 3861 1534 3910 61.
1773 3860 1793 3889 ⁵
1827 3878 1920 3910 om.
1952 3861 2031 3910 60.
2060 3861 2138 3910 61.
2168 3861 2246 3922 64.
2299 3862 2472 3911 Gloria
2499 3862 2664 3911 Patri:
2701 3863 2780 3914 66.
