3293 5225
511 472 608 536 248
1287 473 1582 523 OCTAVA
1642 472 2140 523 EPJPHANIAE.
2668 472 2815 533 [IAN.
2850 483 2927 534 13.

514 627 820 691 credatur
850 626 1251 690 humanitas,
1344 626 1579 690 Deitas
1609 647 1743 708 qua
1775 637 1930 690 ante
1961 627 2189 689 omnia
2220 625 2442 690 secula
2475 625 2539 688 in
2575 626 2788 688 forma
2820 623 2927 688 dei

514 715 767 796 equalis
797 724 899 777 est
931 715 1124 795 patri,
1156 714 1538 778 humanitas
1585 733 1718 795 qua
1766 715 1831 776 in
1884 715 2260 777 nouissimis
2311 714 2546 777 diebus
2596 714 2660 775 in
2712 713 2927 776 forma

516 802 684 865 serui
718 802 939 864 vnitus
971 811 1072 863 est
1118 801 1389 864 homini.
1483 800 1595 863 Ad
1643 800 2086 864 roborandam
2120 820 2279 882 ergo
2324 801 2497 863 hanc
2544 799 2744 863 fidem
2793 819 2926 881 qua

516 900 749 953 contra
795 909 1029 950 omnes
1077 886 1759 971 1premuniebamurer
1804 885 2024 963 orreS,l
2069 908 2159 950 ex
2215 907 2464 970 magno
2519 887 2768 950 sactum
2823 897 2926 950 est

515 976 740 1039 diuine
786 976 1053 1058 pietatis
1099 976 1390 1050 consili0,
1440 985 1510 1037 vt
1558 996 1725 1057 gens
1778 976 1843 1037 in
1907 974 2271 1058 longinqua
2332 973 2668 1037 orientalis
2730 973 2928 1057 plage

517 1063 786 1145 regione
839 1062 1225 1139 consisten5‚
1279 1082 1409 1144 que
1463 1061 1979 1145 spectandorum
2037 1062 2346 1142 syderum
2404 1072 2543 1124 arte
2594 1060 2929 1142 pollebat:

515 1150 779 1232 signum
845 1151 982 1212 nati
1048 1150 1231 1231 pueri
1293 1150 1405 1230 qui
1468 1170 1666 1231 super
1718 1169 1986 1212 ornnem
2049 1148 2251 1212 Israel
2307 1158 2482 1212 esset
2536 1157 2927 1230 regnaturus

514 1237 855 1318 acciperet„

644 1386 712 1457 (I
755 1380 973 1443 Hodie
1031 1380 1100 1442 in
1163 1380 1442 1461 vesperis
1484 1380 1733 1442 dicitur
1763 1380 2118 1461 antiphona
2161 1381 2502 1463 assignata
2545 1380 2641 1441 ad
2664 1380 2931 1461 primas

516 1479 823 1550 vesperas.

1174 1634 1242 1705 ΙΙ
1292 1626 1570 1693 Octaua2
1600 1627 1950 1710 epiphanie,
1981 1627 2256 1710 duplex.³

1153 1740 1365 1802 Lectio
1398 1740 1508 1822 ,iifl
1545 1739 1912 1802 Secundum
1944 1739 2270 1806 Ioannem.

531 1870 574 1999 I
604 1871 664 1932 N
706 1869 817 1932 illo
849 1880 1187 1952 tempore:
1234 1868 1400 1931 vidit
1435 1869 1723 1931 Ioannes
1762 1869 1981 1933 Iesum
2016 1871 2391 1932 venientem
2440 1869 2525 1932 ad
2577 1890 2663 1941 se,
2697 1878 2762 1930 et
2793 1869 2886 1929 ait
2915 1890 2930 1930 ε

590 1957 821 2106 l'Ecoe
910 1977 1122 2039 agnus
1202 1955 1347 2032 Dei,
1421 1976 1574 2019 ecce
1650 1957 1764 2037 qui
1840 1956 2015 2019 tollit
2092 1965 2365 2039 peccata
2441 1956 2692 2019 mundi.
2831 1955 2920 2018 Et

509 2064 587 2107 re
615 2064 784 2125 iqua.

1046 2210 1114 2281 ΙΙ
1157 2205 1241 2268 H
1235 2205 1462 2267 omilia
1488 2206 1704 2267 sancti
1728 2205 2101 2286 Augustini
2123 2206 2405 2288 episcopi.

534 2319 662 2448 N
688 2319 865 2381 Emo
897 2318 1018 2381 sibi
1053 2326 1315 2398 arroget
1348 2327 1414 2380 et
1447 2317 1627 2380 dicat
1661 2318 1817 2400 quia
1864 2319 2005 2401 ipse
2050 2318 2307 2382 auferat
2357 2328 2630 2400 peccata
2681 2318 2930 2382 mundi.

737 2407 878 2468 Iam
935 2405 1259 2468 intendite
1312 2414 1545 2467 contra
1596 2425 1765 2486 quos
1819 2404 2138 2486 superbos
2193 2406 2586 2469 intendebat
2645 2406 2928 2468 Ioannes

521 2493 822 2575 digitum.
902 2491 1218 2554 Nondum
1247 2501 1435 2554 erant
1459 2493 1598 2554 nati
1630 2491 1898 2554 heretici
1924 2516 1938 2554 :
1985 2502 2052 2554 et
2082 2492 2749 2555 demonstrabantur:
2797 2493 2928 2554 iam

523 2580 911 2644 intendebat
943 2588 1173 2642 contra
1206 2578 1368 2642 illos.
1455 2578 1735 2643 4Contra
1784 2579 1959 2642 illos*
2004 2579 2338 2643 clamabat
2388 2589 2546 2643 tunc
2601 2600 2640 2642 a
2690 2579 2930 2642 fluvio:

521 2678 752 2731 contra
785 2687 953 2749 quos
986 2666 1187 2729 modo
1233 2666 1480 2728 clamat
1515 2687 1604 2727 ex
1653 2667 2021 2750 euangelio,
2109 2667 2321 2730 Venit
2355 2667 2552 2730 lesus.
2648 2667 2738 2730 Et
2768 2665 2929 2747 quid

523 2755 685 2818 dicit
733 2754 888 2816 ille?
979 2753 1153 2815 Ecce
1204 2774 1416 2835 agnus
1468 2753 1611 2815 Dei.
1724 2753 1795 2818 Si
1846 2753 2085 2837 agnus⁵
2135 2754 2469 2830 innocenS,
2521 2764 2588 2816 et
2644 2755 2932 2816 Ioannes

524 2861 754 2924 agnu3‚
785 2861 869 2904 an
903 2861 1035 2903 non
1070 2851 1136 2902 et
1169 2840 1309 2922 ipse
1342 2842 1705 2903 innocens?
1797 2841 1932 2904 Sed
1966 2842 2112 2922 quis
2133 2842 2449 2903 innocens
2468 2852 2583 2904 aut
2603 2852 2928 2922 quantum

527 2930 895 2992 innocens?
941 2948 1175 2990 omnes
1207 2948 1296 2990 ex
1330 2927 1440 2989 illa
1473 2926 1719 2990 radice⁶
1749 2929 2040 3003 veniunt,
2072 2937 2137 2990 et
2169 2948 2255 2991 ex
2290 2927 2402 2990 illa
2434 2928 2802 3010 propagine
2846 2926 2933 2990 de

526 3035 658 3097 qua
690 3024 915 3078 cantat
947 3035 1222 3096 gemens
1270 3013 1492 3076 Dauid
1522 3038 1534 3077 ε
1584 3014 1736 3096 Ego
1768 3016 1831 3076 in
1883 3014 2341 3097 iniquitatibus
2372 3024 2735 3096 conceptus
2768 3034 2935 3091 sum,

525 3112 591 3166 et
623 3103 689 3165 in
723 3104 1010 3185 peccatis
1043 3111 1254 3164 mater
1285 3121 1434 3163 mea
1466 3101 1529 3164 in
1565 3110 1750 3163 vtero
1783 3122 1891 3164 me
1914 3102 2092 3165 aluit.
2185 3102 2381 3166 Solus
2404 3122 2565 3183 ergo
2590 3101 2697 3164 ille
2720 3121 2935 3183 agnus

526 3191 801 3272 quinon
849 3186 970 3251 sic7
1014 3190 1214 3251 venit.
1306 3189 1459 3251 Non
1512 3189 1689 3251 enim
1723 3189 1788 3250 in
1824 3190 2173 3270 iniquitate
2217 3200 2580 3271 conceptus
2628 3198 2766 3252 est:
2820 3187 2935 3270 qui

528 3296 658 3339 non
693 3277 778 3339 de
811 3275 1214 3338 mortalitate
1245 3285 1605 3356 conceptus
1651 3284 1766 3351 est,
1804 3276 1913 3339 ne8
1943 3297 2095 3338 eum
2128 3277 2192 3338 in
2227 3277 2517 3358 peccatis
2552 3286 2762 3338 mater
2792 3277 2934 3338 eius

527 3363 592 3426 in
643 3373 828 3425 vtero
881 3360 1062 3437 aluit,
1110 3382 1308 3443 quem
1363 3362 1551 3444 virgo
1598 3364 1918 3445 concepit.
2008 3363 2221 3443 Virgo
2253 3364 2549 3445 peperit:
2596 3364 2753 3445 quia
2804 3361 2936 3425 fide

527 3452 833 3532 concepit
863 3473 876 3512 ε
924 3449 1055 3511 fide
1087 3448 1393 3531 suscepit.
1486 3449 1669 3531 Ergo
1701 3469 1852 3512 ecce
1882 3470 2096 3532 agnus
2131 3450 2277 3514 Dei.
2370 3450 2522 3512 Non
2563 3450 2765 3512 habet
2813 3451 2936 3512 iste

529 3537 872 3600 traducem
934 3536 1019 3598 de
1082 3534 1326 3598 Adam.
1449 3534 1733 3599 Carnem
1797 3546 2057 3599 tantum
2120 3538 2483 3619 assumpsit
2544 3538 2627 3600 de
2688 3537 2937 3613 Adam,

531 3634 879 3707 peccatum
930 3643 1064 3685 non
1112 3624 1488 3704 assumpsit.
1580 3620 1716 3704 Qui
1763 3643 1895 3685 non
1944 3625 2305 3706 assumpsit
2337 3624 2421 3687 de
2454 3645 2674 3686 massa
2708 3633 2933 3686 nostra

531 3720 900 3794 peccatum,
930 3711 1071 3792 ipse
1102 3719 1203 3771 est
1235 3710 1347 3790 qui
1381 3709 1556 3771 tollit
1588 3719 1934 3790 peccatum
1971 3722 2268 3773 nostrum
2300 3736 2313 3774 ;
2360 3732 2514 3774 ecce
2538 3730 2751 3793 agnus
2785 3711 2936 3785 Dei,

529 3818 681 3861 ecce
736 3798 848 3880 qui
901 3796 1075 3859 tollit
1126 3805 1397 3878 peccata
1447 3797 1697 3860 mundi.
1812 3797 2041 3859 Nostis
2094 3799 2248 3878 quia
2301 3798 2574 3879 quidam
2631 3798 2935 3860 homines

530 3886 760 3948 dicunt
806 3882 1207 3965 aliquando:
1265 3903 1386 3944 nos
1429 3883 1725 3946 tollimus
1779 3894 2052 3964 peccata
2106 3885 2504 3961 hominibus,
2535 3886 2690 3967 quia
2722 3885 2934 3947 sancti

529 3992 776 4035 sumus,
886 3970 957 4033 Si
990 3973 1168 4032 enim
1202 3990 1334 4033 non
1369 3969 1562 4032 fuerit
1594 3980 1863 4032 sanctus
1897 3973 2007 4051 qui
2041 3972 2356 4055 baptizat,
2389 3974 2729 4053 quomodo
2763 3972 2940 4034 tollit

529 4070 874 4141 peccatum
909 4058 1216 4121 alterius:
1264 4077 1414 4120 cum
1448 4058 1532 4120 sit
1580 4056 1688 4119 ille
1736 4057 1938 4120 homo
1987 4059 2224 4141 plenus
2271 4064 2592 4141 peccato?
2683 4058 2935 4122 Contra

529 4148 690 4210 istas
742 4145 1228 4227 disputationes
1282 4144 1482 4207 verba
1537 4154 1764 4206 nostra
1818 4165 1950 4207 non
2005 4147 2324 4222 dicamuS,
2377 4147 2554 4208 hunc
2616 4145 2934 4228 legamuS.

532 4234 709 4296 Ecce
739 4253 952 4314 agnus
987 4231 1112 4294 Dei
1147 4252 1300 4294 ecce
1331 4232 1444 4313 qui
1477 4230 1651 4293 tollit
1683 4242 1954 4314 peccata
1988 4234 2236 4296 mundi.

624 4400 727 4438 ¹—1
747 4400 1195 4477 ‘premuniebamur
1216 4416 1435 4450 errores:
1473 4398 1549 4462 38.
1579 4407 1676 4450 etc.
2353 4399 2375 4431 2
2407 4401 2488 4451 die
2518 4414 2590 4465 13.
2622 4402 2678 4449 in
2703 4418 2766 4449 m.

625 4466 646 4497 ²³
680 4481 884 4515 nemus:
916 4468 1027 4515 add.
1071 4478 1148 4529 39.
1178 4479 1257 4527 41.
1288 4465 1365 4515 60.
1396 4466 1475 4529 63.
1579 4464 1687 4501 ⁴—⁴
1717 4482 1809 4515 om.
1839 4465 1918 4515 66.
2348 4465 2370 4495 ⁶
2403 4467 2532 4516 Dei:
2567 4468 2678 4516 add.
2707 4466 2788 4516 60.

624 4531 646 4562 ⁶
681 4531 917 4582 traduce:
950 4531 1030 4580 60.
1582 4529 1603 4562 ⁷
1637 4531 1728 4580 fit:
1766 4530 1843 4580 66.
2348 4529 2370 4561 ⁸
2403 4548 2529 4582 nec:
2566 4544 2644 4595 39.
2674 4540 2768 4581 etc.
