3293 5225
297 445 459 497 SEPT.
500 446 607 510 30.]
967 447 1018 495 S.
1059 447 1447 496 MICHAEL:
1479 448 1532 497 S.
1571 447 2100 498 HIERONYMUS.
2616 456 2713 509 337

298 600 496 663 ceteri
558 600 795 663 eodem
859 599 1079 662 modo.
1194 599 1329 664 Sed
1385 620 1795 683 quamquam
1850 600 2072 685 angeli
2127 599 2285 683 quo1
2339 600 2708 683 superiores

295 698 472 765 sunt,
503 687 629 750 hoc
679 689 885 750 rarius
933 707 975 749 a
1023 686 1151 749 deo
1197 688 1263 749 in
1313 688 1748 750 ministerium
1795 688 2065 770 aliquod
2114 691 2463 751 mittantur
2506 688 2709 766 (tute-

295 774 463 837 lares
509 777 688 838 enim
735 793 1018 855 quorum
1050 776 1372 855 cuiusque
1405 773 1557 837 fidei
1591 776 1832 856 singuli
1869 777 2168 838 homines
2198 776 2709 837 committuntur

297 882 385 924 ex
433 861 664 924 infimo
708 860 942 923 ordine
987 861 1172 941 sunt)
1218 871 1446 923 tamen
1493 882 1581 924 ex
1613 864 1798 925 omni
1831 862 2061 924 ordine
2093 863 2496 943 quandoque
2529 862 2704 924 mitti

294 957 576 1011 testatur
640 947 900 1022 PauluS,
945 949 1058 1029 qui
1105 968 1342 1011 omnes
1372 948 1649 1030 (inquit)
1679 959 1833 1012 sunt
1865 949 2406 1013 administratorii
2439 948 2704 1031 spiritus

296 1035 362 1096 in
412 1034 850 1097 ministerium
901 1036 1097 1097 missi.
1196 1036 1433 1116 Itaque
1496 1035 1914 1113 Michaelem,
1975 1038 2088 1118 qui
2154 1056 2330 1098 nunc
2399 1036 2704 1118 princeps

296 1121 572 1184 ecclesie
647 1123 891 1186 dicitur
934 1143 1078 1185 esse
1169 1132 1241 1185 vt
1304 1122 1462 1185 olim
1529 1144 1893 1206 synagoge,
1959 1123 2113 1186 licet
2188 1134 2331 1187 tum
2406 1123 2704 1205 angelus,

296 1217 437 1271 tum
518 1208 954 1291 archangelus
1015 1211 1412 1283 nominetur,
1476 1230 1620 1273 esse
1681 1221 1905 1273 tamen
1970 1231 2277 1293 supreme
2338 1210 2701 1273 hierarchie

294 1296 766 1359 existimarunt
843 1297 962 1358 viri
1053 1296 1355 1359 nonnulli
1433 1318 1766 1360 sacrarum
1844 1298 2181 1360 literarum
2256 1298 2702 1371 eruditissimi,

293 1393 524 1446 autore
559 1383 859 1459 Daniele,
888 1383 1001 1463 qui
1039 1384 1436 1447 Michaelem
1468 1404 1673 1448 vnum
1707 1405 1851 1447 esse
1896 1385 2055 1448 dicit
2110 1384 2193 1447 de
2246 1385 2477 1467 primis
2525 1385 2700 1467 prin-

290 1470 564 1552 cipibus,
659 1470 1005 1532 Michaelis
1035 1472 1236 1554 igitur
1267 1470 1528 1547 festum,
1558 1472 1740 1553 quod
1773 1473 1921 1554 .viij.
1944 1473 2091 1534 idus
2126 1471 2288 1551 Maij
2317 1472 2701 1546 celebratur,

294 1556 382 1618 ab
445 1557 584 1620 eius
647 1558 1068 1640 apparitione
1126 1566 1195 1620 et
1260 1561 1440 1639 quod
1502 1559 1608 1639 .iij.
1672 1559 1986 1622 calendas
2033 1558 2345 1622 Octobris
2389 1556 2503 1620 ad2
2561 1558 2697 1620 eius

294 1643 564 1706 basilice
615 1643 1038 1707 dedicatione
1091 1665 1334 1707 nomen
1389 1647 1665 1729 accepit,
1717 1666 1847 1728 que
1901 1646 2024 1728 ipsi
2080 1645 2203 1708 fuit
2262 1644 2570 1708 dedicata
2631 1646 2697 1707 in

294 1741 488 1792 antro
551 1732 635 1793 ad
707 1751 1024 1794 cacumen
1094 1731 1387 1814 Gargani
1441 1735 1689 1794 montis
1743 1733 2013 1816 Apulie,
2074 1734 2188 1815 qui
2251 1733 2573 1815 procurrit
2634 1733 2700 1794 in

290 1818 683 1880 adriaticum
711 1839 912 1882 mare.
988 1818 1145 1902 Quo
1166 1821 1231 1882 in
1254 1820 1401 1882 loco
1427 1829 1696 1902 propter
1716 1820 1925 1883 multa
1948 1831 2014 1883 et
2038 1840 2284 1902 magna
2303 1819 2482 1882 edita
2505 1820 2699 1881 mira-

289 1904 439 1966 cula
471 1925 622 1968 cum
656 1906 741 1968 ab
760 1905 908 1987 alijs
941 1906 1203 1989 populis
1236 1906 1538 1988 religiose
1567 1907 1805 1970 colitur
1839 1906 2146 1983 Michael,
2178 1905 2349 1970 tum³
2402 1906 2700 1969 maxime

285 1990 373 2053 ab
417 1991 659 2055 accolis
706 1992 1097 2076 Sipontinis,
1141 1995 1254 2075 qui
1302 2014 1372 2056 se
1421 1995 1789 2076 patrocinio
1836 1994 1978 2057 eius
2032 2014 2188 2076 sepe
2245 1993 2509 2056 adiutos
2553 2014 2698 2056 esse

287 2077 697 2160 profitentur.

1315 2206 1375 2267 A
1385 2205 1440 2268 a'
1459 2205 1698 2269 laudes.

415 2309 816 2391 Antiphona.
909 2309 1188 2371 Factum
1223 2322 1324 2370 est
1357 2309 1696 2371 silentium
1732 2310 1797 2372 in
1850 2309 1994 2372 celo
2044 2308 2205 2371 dum
2260 2307 2463 2371 draco
2515 2329 2695 2371 com·

288 2397 580 2461 mitteret
627 2397 893 2471 bellum,
939 2406 1007 2460 et
1038 2395 1320 2458 michael
1368 2397 1697 2478 pugnauit
1741 2416 1893 2458 cum
1940 2417 2020 2459 eo
2051 2406 2120 2459 et
2152 2395 2306 2459 fecit
2351 2395 2695 2459 victoriam

281 2482 610 2547 halleluia.

1263 2608 1323 2670 A
1334 2606 1387 2669 d
1424 2620 1739 2690 vesperas.
1774 2601 1780 2612 ’

417 2707 742 2785 Hymnus,
833 2707 986 2770 Tibi
1019 2706 1275 2772 christe.
1367 2718 1442 2771 vt
1465 2720 1682 2790 supra.

416 2794 813 2875 Antiphona.
906 2793 1217 2876 Princeps
1248 2793 1720 2876 gloriosissime
1771 2794 2057 2857 Michael
2108 2794 2503 2876 archangele
2551 2804 2694 2857 esto

284 2900 540 2944 memor
570 2882 796 2958 nostri,
826 2889 894 2942 et
924 2881 1033 2943 hic
1062 2890 1130 2943 et
1160 2882 1405 2962 ubique
1438 2903 1701 2964 semper
1753 2901 2020 2964 precare
2068 2902 2190 2964 pro
2238 2882 2430 2945 nobis
2482 2880 2690 2944 filium

282 2966 390 3030 dei
425 2966 750 3045 halleluia,
781 2967 1108 3031 halleluia.

409 3055 575 3118 Post
627 3054 978 3117 orationem
1038 3055 1254 3117 sancti
1306 3054 1659 3117 Michaelis
1690 3066 1818 3137 pro
1865 3055 2455 3118 commemoratione
2482 3057 2697 3118 sancti

275 3141 672 3222 Hieronymi
696 3142 950 3205 dicitur.

408 3229 803 3310 Antiplzona.
896 3228 957 3292 O
1020 3228 1254 3291 doctor
1314 3229 1568 3311 optime
1613 3229 1893 3292 ecclesie
1937 3240 2165 3294 sancte
2212 3229 2435 3292 lumen
2488 3229 2685 3293 beate

275 3315 692 3397 Hieronyme
725 3314 951 3378 diuine
982 3316 1148 3397 legis
1179 3325 1443 3378 amator
1473 3315 1831 3399 deprecare
1864 3337 1984 3399 pro
2017 3318 2211 3380 nobis
2236 3315 2444 3379 filium
2483 3316 2626 3380 Dei.

1361 3452 1605 3517 Oratio.

291 3551 587 3681 DEuS,
619 3554 731 3634 qui
763 3551 1038 3616 ecclesie
1069 3561 1181 3615 tue
1213 3553 1279 3615 in
1312 3553 1734 3635 exponendis
1780 3554 1980 3617 sacris
2024 3554 2363 3637 scripturis
2410 3554 2681 3618 beatum

475 3640 966 3721 Hieronymum
987 3639 1429 3703 confessorem
1452 3651 1641 3703 tuum
1663 3641 2005 3705 doctorem
2028 3641 2389 3725 gloriosum
2402 3641 2681 3725 elegisti,

277 3737 499 3808 presta
544 3747 944 3808 quesumus:
991 3737 1061 3789 vt
1106 3727 1403 3789 eiusdem
1455 3727 1583 3809 pijs
1635 3726 2153 3810 suffragantibus
2200 3730 2467 3804 meritis,
2497 3729 2678 3810 quod

274 3833 390 3876 ore
434 3814 630 3877 simul
686 3825 753 3877 et
813 3834 1011 3896 opere
1080 3815 1326 3890 docuit,
1396 3824 1463 3877 te
1526 3813 1889 3878 adiuuante
1951 3835 2263 3878 exercere
2321 3816 2675 3881 valeamus.

275 3899 401 3962 Per
429 3900 794 3964 dominum.

409 4042 477 4112 (1
520 4036 966 4119 Hieronymus
995 4036 1331 4118 presbyter
1370 4038 1718 4136 confessor*
1744 4037 1982 4120 duplex
2008 4039 2241 4102 minus,
2331 4040 2546 4103 Lectio

1373 4134 1583 4188 tertia.

283 4222 419 4351 H
444 4224 836 4305 leronymus
869 4222 1313 4287 Constantino
1345 4223 1743 4305 imperatore
1774 4245 1954 4288 anno
1985 4226 2071 4288 ab
2119 4225 2279 4289 orbe
2328 4226 2674 4311 redempto

480 4311 832 4373 ‚ecc.xxxi.
912 4310 979 4371 in
1065 4311 1318 4393 oppido
1404 4310 1682 4375 Sidone⁵
1767 4313 1978 4393 (quod
2033 4322 2136 4375 est
2198 4314 2264 4376 in
2331 4313 2673 4378 Pannonie

490 4447 501 4459 ⁸
521 4465 534 4477 .
1262 4444 1286 4476 8
1401 4466 1413 4478 .
2381 4468 2394 4480 .

365 4444 387 4542 ἰ
417 4463 504 4563 ἓῖι
516 4446 683 4577 3ἐ8ἑη
707 4529 770 4562 m.
1267 4510 1289 4542 ⁸
1316 4446 1711 4577 Ἄὶιὲῗιὶςῗζὸς
1748 4512 1985 4564 Stridone
2007 4531 2019 4563 =
2057 4446 2359 4577 39.³eizfnen
2380 4486 2395 4500 ο
2431 4462 2509 4514 39.

355 4592 416 4644 Β.
448 4592 512 4644 R.
545 4592 614 4643 N.
2373 4595 2413 4644 Z
