3293 5225
820 467 1199 516 DOMJNJCA
1240 467 1293 515 X
1305 467 1454 516 VIII.
1495 467 1690 515 POST
1716 468 1879 516 PEN
1883 469 1976 517 TE
1983 470 2026 517 C
2028 470 2114 517 OS
2122 468 2285 518 TEM
2655 481 2716 517 22
2721 481 2752 531 3

433 692 499 761 (I
530 686 880 752 Dominica
910 686 1159 750 decima
1191 697 1416 750 octaua
1434 697 1587 768 post
1615 687 2040 753 Pentecosten.
2131 688 2245 752 Ex
2269 689 2328 753 ,22
2361 690 2546 772 Regu
2554 688 2658 752 m.¹

1396 775 1608 838 Lectio
1640 775 1699 839 ‚12

334 885 849 1017 COngregata
910 897 1067 949 sunt
1129 907 1289 969 ergo
1354 886 1757 988 Philisthijm
1808 889 2111 988 qniuersa
2161 890 2433 970 agmina
2612 911 2745 952 non

486 972 786 1036 offendes
817 973 1047 1037 oculos
1080 982 1496 1056 satraparum
1536 974 1959 1056 Philisthijm.

456 1154 522 1223 (I
552 1146 638 1211 25
637 1157 897 1210 anctum
928 1147 1075 1211 Iesu
1114 1147 1368 1214 Christi
1391 1147 1456 1210 E
1457 1147 1858 1230 uangelium2
1885 1151 2231 1214 secundum
2264 1152 2356 1213 M
2349 1152 2616 1216 arcum?³

1371 1235 1584 1298 Lectio
1614 1235 1698 1317 ,ς’Ῑ.

342 1348 471 1475 IN
481 1348 670 1411 itium
705 1347 1032 1430 euangelij
1077 1348 1225 1411 Iesu
1260 1346 1506 1412 Christi
1542 1347 1656 1428 filij
1691 1348 1799 1411 dei
1949 1351 2157 1413 secuti
2192 1358 2346 1413 sunt
2377 1371 2547 1414 eum.

851 1563 917 1632 (I
961 1556 1182 1618 Tertia
1210 1555 1389 1618 lectio
1417 1555 1766 1618 secundum
1797 1556 1891 1618 M
1885 1556 2220 1622 cathetum*

407 1669 466 1730 N
528 1668 641 1732 illo
689 1677 990 1750 tempore
1047 1691 1060 1730 :
1108 1667 1505 1731 Ascendens
1556 1669 1740 1731 Iesus
1772 1668 1837 1730 in
1872 1669 2249 1733 nauiculam
2281 1671 2734 1735 transfretauit

430 1765 497 1819 et
528 1756 711 1819 venit
744 1758 809 1818 in
842 1756 1181 1819 ciuitatem
1216 1774 1425 1819 suam.
1519 1756 1610 1818 Et
1642 1755 1911 1838 reliqua.

853 1924 919 1993 (I
951 1917 1253 1980 Homt‘lia
1280 1917 1495 1980 sancti
1521 1916 1793 1980 Ioannis
1823 1915 1981 1980 ‘oris
2008 1918 2209 1980 aun‘.⁵

323 2029 753 2160 CHristum
813 2030 878 2092 in
934 2029 1243 2092 humanis
1292 2029 1551 2092 actibus
1592 2030 1821 2093 diuina
1852 2029 2134 2112 gessisse
2167 2033 2483 2112 mysteria
2519 2057 2531 2094 :
2566 2044 2630 2095 et
2665 2034 2726 2097 in

505 2118 697 2180 rebus
773 2116 1140 2180 visibilibus
1217 2116 1571 2179 inuisibilia
1645 2117 2024 2180 exercuisse
2100 2119 2377 2200 negocia
2444 2143 2455 2181 ε
2534 2119 2732 2184 lectio

317 2203 637 2267 hodierna
692 2205 1134 2267 monstrauit:
1173 2203 1500 2266 Ascendit
1554 2204 1832 2286 (inquit)
1881 2204 1944 2266 in
1994 2205 2371 2268 nauiculam
2419 2215 2485 2268 et
2521 2217 2727 2270 trans—

317 2292 582 2354 fretauit
610 2303 677 2355 et
709 2291 889 2355 venit
922 2291 986 2353 in
1021 2291 1360 2353 ciuitatem
1394 2310 1602 2353 suam.
1697 2291 1941 2354 Nonne
1989 2292 2129 2372 ipse
2174 2302 2276 2355 est
2320 2294 2431 2374 qui
2482 2294 2725 2376 fugatis

316 2377 623 2442 fluctibus
675 2379 875 2441 maris
930 2377 1258 2460 profunda
1306 2377 1582 2440 nudauit
1622 2389 1741 2441 :vt
1791 2378 2192 2441 Israeliticus
2239 2381 2525 2462 populus
2555 2383 2727 2445 inter

316 2477 661 2548 stupentes
692 2467 903 2546 vndas
949 2467 1125 2528 sicco
1157 2465 1440 2547 vestigio
1471 2463 1653 2528 velut
1701 2466 2026 2527 montium
2073 2486 2369 2529 concaua
2402 2469 2722 2533 transiret.

318 2554 559 2618 Nonne
604 2553 711 2616 hic
757 2564 857 2617 est
904 2554 1015 2636 qui
1072 2553 1242 2616 Petri
1290 2551 1570 2634 pedibus
1605 2553 1895 2615 marinos
1928 2552 2230 2617 vertices⁰
2262 2553 2620 2631 inclinauit,
2652 2567 2724 2620 vt

315 2639 507 2704 inter7
539 2641 863 2722 liquidum
896 2641 1204 2703 humanis
1236 2640 1569 2722 gressibus
1599 2639 1886 2702 solidum
1935 2640 2236 2722 preberet
2281 2642 2722 2724 obsequium?

319 2728 431 2792 Et⁸
484 2728 644 2811 quid
695 2738 799 2791 est
850 2729 1029 2809 quod
1087 2729 1227 2809 ipse
1274 2728 1399 2791 sibi
1449 2729 1541 2789 sic
1598 2726 1799 2789 maris
1846 2729 2137 2811 denegat
2191 2730 2577 2793 seruitutem
2625 2730 2726 2794 vt⁹

314 2816 683 2878 breuissimi
739 2814 920 2877 loci¹⁰
966 2815 1319 2877 transitum
1370 2814 1493 2877 sub
1542 2813 1845 2877 mercede
1893 2816 2160 2877 nautica
2220 2817 2723 2881 transfretaret?

312 2903 641 2966 Ascendit
718 2900 994 2984 (inquit)
1070 2902 1133 2963 in
1198 2901 1574 2964 nauiculam
1652 2911 1719 2963 et
1794 2900 2260 2965 transfretauit.
2401 2904 2491 2966 Et
2557 2905 2716 2985 quid

315 2992 549 3053 mirum
598 2990 875 3052 fratres?
968 2988 1268 3053 Christus
1300 2989 1479 3051 venit
1526 2990 1857 3069 suscipere
1896 2988 2312 3052 infirmitates
2345 3001 2619 3064 nostraS,
2652 3002 2720 3055 et

310 3098 426 3140 sua
487 3076 679 3139 nobis
738 3076 1035 3139 conferre
1098 3076 1389 3138 remedia
1450 3076 1769 3146 sanitatis
1833 3077 1987 3157 quia
2050 3077 2345 3139 medicus
2407 3078 2519 3159 qui
2585 3098 2715 3140 non

312 3163 554 3227 llinsert
602 3161 1002 3226 sanitatem¹¹
1053 3161 1468 3226 infirmitates
1513 3182 1740 3225 curare
1772 3164 1995 3225 nescit.
2092 3163 2180 3225 Et
2213 3164 2324 3244 qui
2361 3185 2489 3225 non
2526 3164 2717 3228 fuerit

309 3272 458 3313 cum
512 3251 774 3316 infirmo
827 3249 1199 3312 infirmatus
1250 3249 1511 3312 infirmo
1562 3271 1693 3311 non
1747 3259 1967 3332 potest
2017 3251 2312 3312 conferre
2346 3253 2716 3314 sanitatem.

310 3337 611 3401 Christus
672 3358 830 3419 ergo
884 3338 936 3399 si
999 3337 1064 3399 in
1128 3337 1261 3398 suis
1324 3337 1673 3399 mansisset
1735 3338 2086 3400 virtutibus
2146 3358 2502 3401 commune
2561 3360 2711 3402 cum

310 3426 688 3487 hominibus
720 3424 880 3487 nihil
913 3422 1255 3487 haberet.¹2
1352 3424 1436 3487 Et
1483 3425 1534 3485 si
1584 3444 1717 3485 non
1752 3422 2090 3506 implesset
2121 3425 2336 3487 carnis
2367 3427 2665 3489 ordinem
2704 3451 2716 3488 :

308 3517 522 3575 carnis
555 3514 618 3574 in
654 3513 766 3574 illo
798 3523 970 3574 esset
1003 3512 1216 3573 otiosa
1248 3509 1650 3592 susceptio¹³

1399 3679 1642 3743 Oratio.

324 3796 665 3924 DIrigat
740 3794 940 3857 corda
1003 3803 1227 3856 nostra
1303 3813 1666 3875 quesumus
1740 3792 2011 3855 domine
2088 3802 2200 3854 tue
2278 3793 2720 3857 miserationis

484 3882 783 3965 operatio
835 3905 847 3943 ε
896 3882 1051 3963 quia
1098 3882 1218 3942 tibi
1266 3882 1405 3941 sine
1451 3889 1518 3941 te
1565 3878 1825 3961 placere
1873 3899 2004 3940 non
2054 3877 2475 3961 possumus14
2596 3882 2719 3944 Per

306 3972 669 4032 dominum.

406 4135 416 4163 ¹
456 4137 543 4184 Ca.
576 4146 637 4198 25
661 4136 718 4182 in
745 4151 808 4183 m.
850 4134 987 4181 Thus
1009 4133 1110 4179 also
1135 4129 1214 4194 38.
1288 4130 1418 4178 xxix.
1451 4131 1507 4177 e'n
1533 4146 1597 4177 m.
1630 4141 1707 4191 39.
1737 4138 1829 4199 etc.
1860 4128 2012 4188 [xxix.
2049 4129 2182 4188 1-7.]
2270 4127 2377 4163 2—-2'
2411 4147 2502 4178 mn.
2534 4132 2610 4192 38.

401 4199 421 4227 ²³
456 4202 544 4249 Ca.
583 4213 600 4248 1
631 4202 687 4247 in
713 4216 777 4247 m.
807 4216 898 4246 om.
930 4196 1006 4260 38.
1081 4197 1133 4255 [i.
1171 4196 1336 4254 1—20.]
1609 4193 1629 4223 ⁴
1665 4194 1752 4243 Ca.
1784 4206 1816 4254 9
1839 4194 1895 4241 in
1921 4210 1985 4242 m.

402 4263 507 4300 ⁵—·'‘
547 4265 913 4322 Chrysostomc‘:
961 4262 1037 4325 38.
1110 4278 1161 4309 os
1195 4261 1352 4307 auri:
1403 4272 1481 4321 39.
1518 4273 1597 4318 41.
1685 4260 1788 4307 oris
1822 4259 2001 4307 aurci:
2048 4259 2125 4306 61.
2157 4259 2234 4318 64.
2307 4259 2434 4307 hom.
2481 4261 2523 4307 b.
2569 4262 2714 4309 l'ctri

311 4331 616 4392 Cltrt'sologi:
650 4330 728 4392 63.
1603 4322 1624 4353 ⁶
1658 4325 1904 4373 vortices:
1942 4336 2019 4386 39.
2048 4337 2128 4383 41.
2201 4325 2447 4373 vercices:
2485 4325 2562 4374 61.

401 4395 419 4425 ⁷
455 4397 580 4444 iter:
619 4407 695 4457 39.
726 4404 819 4443 etc.
1120 4390 1141 4420 ⁸
1174 4400 1257 4438 vt:
1295 4404 1373 4449 44.
1609 4388 1630 4417 ⁹
1663 4401 1745 4438 et:
1782 4404 1861 4449 44.
2262 4388 2302 4418 ¹⁰
2336 4390 2461 4438 laci:
2500 4403 2576 4452 39.
2607 4402 2698 4440 etc.

381 4459 519 4494 ¹¹—¹¹
558 4460 650 4509 fert
673 4459 1049 4507 infirmitatem:
1088 4470 1164 4519 39.
1195 4468 1273 4514 41.
1582 4452 1622 4483 ¹2
1656 4454 1930 4503 haberent:
1969 4454 2046 4528 66ἰ

381 4525 417 4553 ¹³²
450 4526 524 4575 Te
547 4526 725 4574 deum:
762 4525 871 4572 add.
901 4523 979 4586 63.
1580 4519 1615 4548 ¹⁴
1650 4519 1917 4568 secundum
1938 4528 1985 4567 te
2001 4535 2165 4567 viuere
2184 4520 2464 4567 valeamus:
2492 4522 2600 4568 add.
2623 4521 2701 4570 66.
