3293 5225
1268 479 1415 527 PRA
1423 478 1475 526 E
1477 479 1568 527 FA
1584 480 1632 526 T
1626 480 1664 526 l
1662 479 1718 527 0.
2579 482 2699 531 xxix

265 628 558 711 primam
600 630 788 711 quod
821 629 1244 712 precantibus
1275 631 1468 695 simul
1517 632 1877 713 acquiritur
1919 633 2261 714 Vtriusque
2306 634 2687 697 testamenti

262 717 522 799 peritia.
657 714 1061 790 Secundam,
1153 717 1335 799 quod
1430 739 1532 780 res
1628 730 1731 781 est
1828 720 2332 801 expeditissima
2424 732 2696 805 propter

261 823 612 866 summam
711 805 962 867 ordinis
1057 803 1569 887 simplicitatem,
1658 817 1725 869 et
1815 806 2202 869 nonnullam
2280 809 2699 872 breuitatem.

262 890 597 967 Tertiam,
647 892 831 972 quod
879 892 1166 954 historiae
1211 902 1588 955 sanctorum
1637 893 1731 956 sic
1779 895 2389 977 conscriptae-sunt,
2419 905 2490 958 vt
2533 895 2692 959 nihil

261 976 566 1040 habeant
619 978 804 1060 quod
853 999 1089 1061 graues
1147 989 1213 1042 et
1273 978 1505 1042 doctas
1565 999 1756 1043 aures
1802 978 2118 1044 offendat.
2240 981 2310 1045 Si
2373 982 2493 1045 cui·
2537 1004 2704 1066 ergo

262 1063 691 1128 laboriosum
741 1066 805 1128 in
851 1066 976 1128 hoc
1009 1065 1335 1128 breuiario
1366 1066 1697 1130 videbitur
1741 1068 2057 1150 pleraque
2106 1070 2330 1132 omnia
2383 1089 2469 1130 ex
2526 1068 2693 1132 libro

262 1151 414 1230 legi,
461 1172 628 1215 cum
682 1152 892 1215 multa
939 1153 1003 1214 in
1055 1152 1201 1229 alio,
1246 1173 1397 1235 quae
1443 1162 1714 1237 propter
1762 1154 2172 1235 frequentem
2237 1156 2698 1237 repetitionem

262 1239 687 1316 ediscuntur,
722 1240 1103 1302 memoriter
1134 1240 1662 1322 pronuntientur,
1694 1253 2080 1325 compenset
2112 1263 2263 1305 cum
2295 1242 2421 1305 hoc
2470 1243 2693 1306 labore

264 1327 740 1409 cognitionem
832 1347 1034 1397 sacrae
1111 1327 1471 1410 scripturae.
1548 1347 1700 1409 quae
1783 1329 1876 1391 sic
1952 1329 2164 1392 indies
2239 1331 2554 1412 augescit,
2628 1341 2696 1393 et

262 1412 725 1476 intentionem
805 1414 1029 1488 animi,
1088 1434 1289 1495 quam
1371 1412 1553 1477 Deus
1628 1425 1786 1478 ante
1860 1416 2087 1478 omnia
2149 1417 2212 1479 in
2275 1418 2703 1499 precantibus

264 1500 544 1582 requirit
628 1500 835 1581 (hanc
911 1501 1090 1563 enim
1170 1501 1485 1564 maiorem
1562 1500 1954 1585 legentibuS,
2027 1523 2228 1584 quam
2320 1504 2699 1568 memoriter

261 1587 771 1669 proferentibus
816 1587 1050 1650 adesse
1109 1588 1399 1650 necesse¹
1451 1587 1581 1669 est)
1641 1599 1708 1652 et
1767 1589 2147 1653 huiusmodi
2211 1590 2504 1653 laborem
2564 1610 2696 1654 non

264 1674 469 1737 modo
502 1674 949 1742 fructuosum.
980 1674 1097 1737 sed
1130 1676 1332 1737 etiam
1372 1674 1732 1739 salutarem
1780 1677 2110 1740 iudicabit.
2201 1676 2551 1741 Orandum
2597 1687 2703 1743 est

262 1761 442 1823 enim
475 1761 586 1842 (vt
624 1760 876 1823 Paulus
901 1761 1023 1842 ait)
1055 1763 1285 1844 spiritu
1318 1771 1385 1825 et
1418 1773 1658 1826 mente.
1738 1763 1914 1825 Nam
1946 1764 2087 1827 sine
2106 1764 2321 1827 fructu
2352 1785 2541 1827 mens
2560 1766 2699 1828 eius

265 1858 380 1920 est,
414 1850 535 1929 qui
571 1856 734 1910 orat
765 1847 990 1931 lingua
1023 1858 1303 1925 tantum,
1336 1848 1401 1911 id
1447 1859 1548 1912 est
1595 1850 1709 1930 qui
1763 1851 1904 1913 sine
1955 1852 2346 1928 attentione,
2391 1872 2467 1914 ac
2517 1851 2696 1916 velut

261 1933 439 1997 aliud
523 1953 753 2017 agens
827 1945 1168 2018 precatur:
1256 1935 1437 2016 quod
1515 1935 1649 1999 fere
1738 1936 1978 2001 accidit
2052 1938 2128 2000 iis
2203 1939 2315 2019 qui
2406 1939 2705 2021 psalmos.

265 2023 675 2085 memoriter
706 2032 1109 2104 percurrunt.
1202 2021 1434 2086 Habes
1467 2033 1656 2105 pater
1700 2025 2115 2087 sanctissime
2162 2025 2444 2088 instituti
2492 2028 2697 2089 nostri

264 2109 635 2185 rationem,
710 2108 918 2171 habes
993 2109 1343 2172 formulam
1421 2109 1747 2174 breuiarii.
1841 2111 2159 2194 Superest
2227 2128 2302 2175 vt
2378 2113 2695 2193 quemad-

264 2196 545 2259 modum
642 2196 902 2278 coepisti
979 2196 1226 2278 aspires
1302 2195 1637 2280 incoeptis2
1712 2199 1968 2275 nostris,
2028 2197 2122 2263 et³
2189 2198 2395 2262 labori
2472 2199 2704 2263 faueas

264 2282 555 2365 publicae
602 2282 938 2346 Vtilitatis*
967 2303 1166 2346 causa
1189 2293 1521 2367 suscepto·
1612 2285 1801 2348 Vale.

358 2514 377 2545 ¹
409 2531 633 2567 neeesse
655 2533 670 2564 ε
708 2512 792 2580 38.
1571 2514 1594 2546 ²
1625 2516 1849 2583 coeptis:
1884 2530 1964 2580 43.
1993 2517 2072 2582 63.

355 2581 377 2610 ³
407 2598 507 2633 om.
538 2580 631 2646 63.
1576 2582 1597 2612 ⁴
1628 2583 2031 2635 commoditatis:
2069 2596 2148 2648 39.
2174 2592 2269 2636 etc.
