3293 5225
526 360 622 412 302
1156 351 1274 401 VII.
1314 351 1664 402 FRATRES
1691 351 1836 401 MM.
1910 352 1964 403 S.
2005 351 2192 402 PIUS.
2688 352 2829 414 [IUL.
2864 363 2944 401 11.

531 505 763 585 spiritu
796 513 1030 567 sancto
1062 504 1258 587 plena
1312 504 1657 587 flagrabat,
1688 525 1818 586 que
1872 513 1940 568 et
1987 504 2174 568 illum
2225 504 2291 568 in
2341 513 2529 569 vtero
2583 506 2939 588 gestabat:

532 610 665 671 quo
693 591 756 653 in
791 591 965 654 natis
998 593 1369 665 mulierum,
1401 612 1600 655 nemo
1632 593 1845 655 maior
1873 601 1992 655 est.
2085 592 2260 655 Eum
2308 593 2556 656 etenim
2588 592 2941 656 aduenisse

530 678 919 759 gaudebat:
995 679 1108 761 qui
1183 689 1545 761 conceptus
1603 700 1695 741 ex
1756 699 1953 742 carne
2014 679 2325 761 virginis:
2401 679 2574 743 filius
2633 679 2938 743 altissimi

529 775 878 829 vocaretur
939 777 1005 828 et
1051 777 1226 829 esset
1275 766 1707 829 Exclamauit
1754 777 1979 829 autem
2030 776 2099 830 et
2153 768 2340 830 dixit.
2456 767 2820 831 Benedicta
2865 776 2940 830 tu

533 852 703 914 inter
761 852 1066 916 mulieres
1112 863 1179 915 et
1228 853 1618 917 benedictus
1665 853 1915 917 fructus
1975 855 2221 916 ventris
2271 854 2384 918 tui.
2506 854 2660 917 Non
2723 854 2939 917 solum

532 939 883 1002 benedicta
945 941 1115 1003 inter
1164 940 1471 1003 mulieres
1524 942 1641 1003 sed
1697 941 1870 1004 inter
1920 940 2229 1004 mulieres
2273 941 2659 1004 benedictas
2707 942 2938 1003 maiori

533 1025 997 1090 benedictione
1029 1026 1402 1109 specialiter
1447 1027 1727 1110 insignis
1776 1028 2176 1090 Benedictus
2232 1027 2481 1091 fructus
2530 1030 2778 1091 ventris
2823 1029 2940 1092 tui.

535 1114 595 1176 N
604 1112 663 1176 e¹
698 1116 838 1196 ipse
869 1114 1161 1196 generali
1195 1134 1378 1177 more
1409 1115 1799 1179 benedictus
1829 1123 2231 1190 sanctorum,
2255 1116 2370 1178 sed
2398 1116 2565 1178 sicut
2596 1116 2943 1197 apostolus

532 1203 640 1264 ait.
734 1200 1035 1284 Quorum
1069 1212 1292 1284 patres
1324 1223 1411 1264 ex
1433 1201 1675 1283 quibus
1708 1201 2010 1265 Christus
2054 1202 2420 1265 secundum
2468 1222 2734 1265 carnem
2765 1226 2780 1265 2
2826 1202 2940 1284 qui

531 1299 631 1350 est
665 1309 864 1371 super
892 1289 1119 1351 omnia
1153 1290 1317 1351 deus
1348 1288 1740 1352 benedictus
1772 1289 1835 1351 in
1871 1289 2111 1352 secula.

993 1449 1060 1518 (Ι
1095 1442 1346 1524 Septem
1362 1444 1626 1524 fratres
1671 1441 2031 1523 martyresss
2118 1442 2330 1506 Lectio
2362 1444 2475 1525 ‚iili

537 1554 993 1687 CRescente
1055 1554 1233 1617 rabie
1294 1555 1769 1637 persecutionis
1824 1556 1888 1617 in
1939 1554 2351 1618 Christianos
2399 1566 2655 1638 septem
2705 1556 2939 1619 fratres

725 1644 942 1706 Rome
988 1642 1113 1704 sub
1160 1642 1512 1704 Antonino
1576 1642 1695 1704 Pio
1743 1643 2062 1723 martyrio
2115 1643 2411 1705 coronati
2462 1653 2636 1705 sunt.
2759 1642 2930 1706 Cum

530 1730 707 1792 enim
771 1729 1066 1792 delatum
1131 1727 1361 1792 suisset
1422 1729 1506 1791 ad
1565 1729 1879 1792 Cesarem
1957 1729 2043 1791 ab
2104 1728 2205 1790 his
2265 1730 2427 1792 deos
2488 1729 2933 1812 blasphemari

532 1816 776 1881 Christi
810 1816 1009 1879 fidem
1044 1815 1266 1899 palam
1316 1815 1804 1893 confitentibuS,
1833 1815 2067 1878 datum
2122 1826 2223 1878 est
2277 1817 2626 1898 negocium
2702 1816 2937 1880 Publio

533 1903 842 1987 presectO,
872 1915 942 1967 vt
973 1923 1202 1966 eorum
1235 1923 1504 1966 causam
1540 1903 1878 1966 iudicaret.
1970 1902 2104 1985 Qui
2148 1903 2363 1985 primo
2408 1902 2687 1967 blandis,
2720 1905 2936 1967 verbis

527 1991 769 2054 deinde
836 1990 1189 2053 terroribus
1265 2011 1343 2053 ac
1406 1991 1602 2052 minis
1664 1991 1887 2065 instat,
1948 2002 2019 2052 vt
2080 1989 2416 2072 abnegato
2478 1989 2746 2054 Christo
2807 1989 2938 2072 dijs

530 2078 990 2141 sacrificarent.
1083 2078 1391 2140 Felicitas
1424 2086 1648 2140 autem
1680 2097 1908 2140 eorum
1943 2085 2157 2139 mater
2174 2077 2549 2140 constantia
2581 2077 2933 2160 plusquam

533 2165 699 2227 virili
733 2166 785 2226 si
820 2165 1177 2238 Christum,
1210 2165 1440 2246 inquit,
1473 2163 1536 2228 O
1572 2165 1777 2227 iudex
1811 2163 2068 2226 nosses-»³
2096 2164 2369 2246 eiusque
2401 2165 2934 2247 magnitudinem

533 2252 932 2333 intelligeres
964 2272 1042 2314 ac
1074 2252 1515 2328 diuinitatem,
1545 2252 1897 2314 desisteres
1944 2251 2121 2314 haud
2154 2251 2354 2314 dubie
2386 2252 2532 2333 pios
2564 2252 2865 2314 homines
2893 2273 2935 2314 a

534 2338 850 2420 religione
883 2340 1088 2421 ipsius
1120 2339 1420 2402 oratione
1452 2340 1659 2420 impia
1690 2339 2071 2401 subducere.
2164 2337 2299 2420 Qui
2331 2340 2508 2401 enim
2543 2338 2936 2403 Christianis

536 2426 890 2502 maledicit,
921 2427 1048 2488 deo
1095 2427 1432 2489 maledicit
1496 2426 1560 2488 in
1613 2425 1923 2489 cordibus
1971 2445 2200 2488 eorum
2257 2425 2601 2490 habitanti.
2714 2426 2801 2490 Et
2846 2426 2932 2489 ad

533 2512 702 2575 filios
762 2533 1099 2589 conuersa,
1147 2514 1323 2596 ipsos
1370 2525 1440 2576 vt
1503 2533 1718 2594 neque
1779 2513 2106 2575 cruciatus
2169 2512 2668 2594 perhorrescant
2716 2534 2935 2595 neque

535 2609 813 2664 mortem
850 2612 1121 2684 propter
1151 2599 1351 2664 fidem
1387 2602 1451 2663 in
1485 2600 1822 2664 Christum
1872 2611 2191 2676 recusent,
2222 2599 2628 2664 adhortatur.
2725 2601 2939 2683 Igitur

535 2689 740 2751 iratus
803 2690 1026 2763 iudex,
1086 2688 1171 2750 ad
1226 2688 1527 2770 filiosque
1588 2708 1966 2763 conuersuS,
2015 2707 2165 2750 cum
2220 2687 2476 2751 videret
2529 2709 2643 2751 eos
2691 2688 2756 2751 in
2803 2688 2936 2751 fide

534 2776 910 2838 immobiles
972 2796 1377 2858 permanere,
1438 2796 1556 2838 nec
1621 2776 1990 2857 promissis*
2034 2795 2155 2837 nec
2232 2775 2428 2837 minis
2487 2796 2528 2837 a
2603 2776 2937 2838 sententia

533 2864 842 2939 reuocari,
875 2865 940 2925 in
973 2883 1301 2926 carcerem
1337 2883 1450 2925 eos
1483 2864 1690 2925 trudit
1736 2872 1805 2925 et
1851 2861 2075 2925 Cesari
2132 2862 2222 2924 rei
2278 2863 2580 2925 ordinem
2637 2864 2933 2943 exponit.

541 2950 659 3011 Ille
692 2950 872 3012 vero5
904 2970 1138 3012 ornnes
1171 2950 1368 3012 morti
1402 2947 1650 3012 tradit.⁶
1743 2950 2002 3012 Primus
2049 2950 2249 3030 igitur
2301 2970 2530 3012 eorum
2587 2950 2934 3013 Ianuarius

531 3037 894 3119 plumbatis
925 3057 1110 3100 cesus
1159 3036 1508 3119 expirauit.
1601 3036 1795 3099 Felix
1848 3035 2107 3111 deinde,
2137 3047 2204 3098 et
2257 3035 2599 3119 Philippus
2654 3035 2937 3100 fustibus

531 3134 868 3186 necantur.
964 3124 1275 3187 Siluanus
1337 3123 1695 3205 precipiti0.
1817 3121 2209 3186 Alexander
2267 3143 2418 3185 cum
2479 3122 2627 3205 alijs
2673 3124 2937 3187 duobus

530 3212 750 3292 capite
784 3209 1197 3274 truncantur⁷
1228 3212 1326 3274 ‚vi.
1359 3211 1507 3273 idus
1547 3210 1715 3291 Iulij.
1810 3211 2031 3273 Mater
2062 3211 2218 3273 item
2252 3219 2490 3291 quarto
2522 3221 2676 3292 post
2708 3231 2938 3274 mense

529 3297 756 3381 gladio
790 3319 1098 3380 percussa
1132 3298 1428 3379 martyrij
1464 3298 1761 3380 palmam
1796 3299 2044 3380 adepta
2090 3307 2210 3359 est.
2320 3296 2541 3379 Quam
2576 3297 2938 3380 Gregorius

530 3386 737 3448 octies
771 3396 1130 3466 martyrem
1178 3385 1489 3467 appellat.
1613 3386 1818 3448 Passa
1871 3394 1973 3448 est
2023 3385 2201 3448 enim
2257 3384 2502 3467 septies
2552 3384 2616 3447 in
2672 3397 2935 3468 septem

528 3472 696 3553 filijs,
727 3483 794 3535 et
826 3473 1097 3535 demum
1130 3473 1195 3535 in
1228 3493 1503 3555 corpore
1534 3474 1820 3554 proprio,

1075 3632 1142 3701 (Ι
1187 3626 1358 3689 Pius
1372 3637 1549 3708 papa
1580 3623 1938 3707 consessor.⁸
2026 3624 2238 3689 Lectio
2269 3625 2383 3707 ‚iili

542 3739 767 3867 Plus
830 3739 1099 3802 natione
1167 3737 1376 3802 Italus
1432 3739 1650 3821 patria
1714 3736 2166 3819 Aquileiensis
2228 3737 2643 3819 imperatore,
2706 3738 2941 3801 Marco

695 3826 1048 3889 Antonino
1113 3846 1272 3889 vero
1338 3824 1649 3907 pontifex
1708 3827 1923 3887 sactus
1976 3834 2093 3887 est.
2210 3824 2343 3887 Hic
2398 3845 2641 3906 penam
2703 3826 2940 3889 statuit

530 3913 610 3994 ijs
671 3914 781 3995 qui
831 3912 1245 3996 negligenter
1294 3911 1539 3976 Christi
1594 3932 1835 3994 corpus
1886 3921 2003 3974 aut
2062 3913 2452 3993 sanguinem
2509 3922 2942 3977 attrectarent

531 4001 976 4063 Penitentiam
1023 4000 1390 4082 (inquiens)
1436 4009 1645 4080 agant
1677 4000 1786 4063 .xl.
1821 3998 2054 4061 diebus
2101 4018 2382 4080 quorum
2431 3999 2840 4081 negligentia
2872 4001 2938 4063 in

528 4098 770 4150 terram
805 4087 1052 4169 aliquid
1102 4087 1440 4163 deciderit,
1472 4088 1525 4148 si
1580 4107 1779 4170 super
1831 4086 2039 4148 altare
2092 4085 2301 4148 tribus
2353 4084 2590 4149 diebus
2642 4088 2695 4149 si
2743 4107 2944 4169 super

623 4225 637 4301 ‚¹
677 4226 815 4275 Nec:
854 4239 930 4289 39.
961 4238 1038 4287 41.
1069 4225 1146 4274 61.
1178 4224 1255 4288 63.
1286 4224 1364 4285 64.
1827 4222 1850 4254 ²
1881 4224 1964 4273 die
1991 4236 2064 4300 xo.
2095 4226 2154 4300 fn
2177 4241 2243 4300 (n.

623 4289 1218 4419 messias,
1827 4288 2371 4417 :immae

616 4420 636 4452 ⁷
671 4430 952 4471 truncatur:
990 4434 1066 4485 39.
1095 4430 1188 4471 etc.
1831 4417 1853 4450 ⁸
1883 4419 1967 4470 die
1994 4432 2067 4469 11.
2092 4421 2150 4469 ἐκ
2173 4436 2240 4470 m.
