3293 5225
562 438 656 488 294
782 425 805 456 1
1271 426 1753 476 COMMEMORA
1768 426 1891 474 770
1921 425 1975 474 S.
2017 425 2109 473 PA
2122 425 2263 476 ΠΜ.
2705 425 2854 486 [nm.
2894 434 2976 486 30.

565 579 982 662 predicasset,
1075 578 1282 644 Cuius
1304 579 1601 642 aduentu
1634 590 1701 642 et
1732 599 1934 662 opera
1967 599 2213 662 magna
2244 598 2397 641 vere
2430 578 2695 662 pietatis
2724 588 2791 641 et
2821 576 2978 640 fidei

562 666 854 729 accessio
896 666 1072 730 sacta
1100 677 1203 729 est
1235 666 1300 728 in
1333 667 1492 729 vrbe
1526 666 1763 739 Roma,
1793 676 1861 729 et
1898 666 2092 728 Italia
2122 666 2549 747 occiduisque
2580 665 2979 747 regionibus,

567 753 701 818 Sed
765 754 997 817 vltimo
1047 754 1333 816 Neronis
1377 774 1558 816 anno
1602 754 1901 816 seuiente
1948 754 2013 815 in
2063 752 2476 817 Christianos
2522 753 2979 836 persecutione

569 841 800 904 Petrus
836 851 903 904 et
951 841 1196 904 Paulus
1226 841 1423 923 capti,
1456 842 1650 904 morti
1699 839 2050 903 traduntur
2095 842 2330 904 eodem
2366 839 2492 917 die,
2522 840 2589 903 id
2635 849 2754 916 est,
2784 839 2982 902 tertio

563 928 878 992 calendas
929 927 1098 1008 Iulij.
1192 928 1423 991 Petrus
1467 928 1644 990 enim
1683 928 1857 990 cruci
1904 926 2149 990 affixus
2195 937 2296 990 est
2339 931 2557 1010 capite
2602 927 2688 990 ad
2737 937 2979 991 terram

567 1036 772 1092 verSO,
818 1014 998 1097 quod
1045 1016 1137 1077 sic
1184 1015 1322 1078 fieri
1370 1015 1772 1097 impetrauit,
1817 1035 2117 1077 asserens
2165 1034 2235 1077 se
2281 1014 2630 1097 indignum
2678 1033 2820 1076 esse
2864 1013 2981 1094 qui

566 1103 802 1166 eodem
867 1102 1069 1165 modo
1129 1122 1263 1183 quo
1323 1122 1480 1164 suus
1539 1100 1869 1176 dominuS,
1922 1101 2429 1183 crucifigeretur.
2522 1102 2763 1165 Paulus
2822 1120 2983 1162 vero

565 1190 781 1273 capite
813 1199 1171 1265 truncatu5‚
1200 1190 1386 1252 cuius
1431 1209 1672 1272 corpus
1704 1189 1768 1251 in
1801 1189 1909 1251 via
1943 1187 2235 1252 Ostiensi
2270 1188 2602 1270 sepultum
2651 1199 2771 1264 est,
2806 1187 2983 1250 Petri

565 1298 721 1340 vero
754 1278 817 1339 in
851 1277 1200 1342 Vaticano,

1522 1420 1589 1490 ΙΙ
1618 1415 1680 1476 Α
1691 1415 1743 1477 d
1767 1414 2003 1478 laudes.

699 1527 1095 1609 Antz‘pltona.
1185 1526 1652 1609 Quodcunque
1683 1526 1992 1609 ligaueris
2021 1546 2218 1609 super
2241 1537 2517 1590 terram:
2547 1527 2671 1590 erit
2701 1527 2983 1608 ligatum

564 1625 632 1717 et
662 1616 728 1678 in
743 1614 954 1765 lcelis:
998 1626 1066 1678 et
1097 1613 1542 1696 quodcunque
1573 1614 1847 1677 solueris
1878 1634 2073 1697 super
2114 1624 2391 1678 terram:
2437 1614 2560 1677 erit
2589 1614 2879 1678 solutum
2914 1623 2985 1676 et

565 1724 630 1765 m
664 1723 739 1765 ce
768 1724 837 1766 is.

1483 1844 1550 1914 ΙΙ
1594 1839 1720 1901 Ad
1753 1849 2064 1920 vesperas.

701 1951 1024 2033 Hymnus.
1119 1949 1345 2014 Aurea
1379 1949 1540 2013 luce.
1587 1959 1662 2013 vt
1686 1960 1900 2031 supra.

706 2038 1093 2119 Antiphonti
1189 2037 1414 2100 Hodie
1449 2037 1684 2101 Simon
1722 2039 1957 2101 Petrus
2002 2038 2305 2101 ascendit
2337 2039 2549 2102 crucis
2586 2039 2983 2121 patibulum.

574 2126 926 2189 Halleluia.
957 2123 1650 2187 Hodieclauicularius
1666 2124 2163 2207 regnigaudens
2176 2127 2487 2209 migrauit
2509 2128 2594 2188 ad
2618 2126 2983 2193 Christum.

576 2214 800 2276 Hodie
836 2211 1076 2275 Paulus
1109 2211 1453 2294 apostolus
1487 2210 1708 2275 lumen
1763 2213 1941 2275 orbis
1994 2221 2166 2275 terre
2216 2213 2534 2276 inclinato
2583 2215 2801 2295 capite
2857 2234 2982 2295 pro

574 2300 817 2366 Christi
855 2300 1122 2361 nomine
1157 2299 1477 2380 martyrio
1510 2309 1867 2362 coronatus
1899 2310 2016 2362 est.

686 2393 753 2463 ΙΙ
777 2387 870 2450 Et
917 2406 1041 2449 non
1087 2385 1182 2468 fit
1229 2387 1743 2449 commemoratio
1792 2386 1869 2448 de
1910 2387 2091 2466 festo
2151 2387 2448 2469 sequenti
2503 2387 2664 2469 quia
2730 2400 2985 2470 vespere

570 2473 873 2538 hodierne
900 2484 1056 2536 sunt
1084 2494 1444 2536 communes
1475 2474 1732 2554 vtrique
1760 2474 2205 2555 apostolorum.

1021 2644 1088 2714 ΙΙ
1127 2635 1683 2702 Commemoratiol
1715 2638 1928 2701 Pauli
1953 2637 2189 2718 duplex
2217 2637 2480 2702 1n2·nus.2

661 2750 786 2815 Ad
799 2750 1198 2813 matutinum
1218 2748 1695 2812 Inuitatorium
1715 2760 1778 2812 et
1792 2748 2073 2829 hymnus
2094 2750 2172 2812 de
2190 2750 2521 2814 communi
2535 2752 2987 2834 apostolorum.

708 2837 1106 2919 Antiplzona.
1199 2835 1334 2917 Qui
1365 2847 1678 2919 operatus
1715 2848 1816 2900 est
1854 2837 2049 2899 Petro
2082 2838 2146 2900 in
2198 2839 2615 2919 apostolatu:
2668 2850 2983 2921 operatus

575 2935 675 2990 est
705 2936 772 2988 et
806 2925 965 2987 mihi
1001 2925 1173 2986 inter
1189 2933 1469 3005 ‘gentesz
1501 2934 1568 2987 et
1599 2935 2058 3007 cognouerunt
2113 2926 2435 3008 gratiam:
2485 2946 2615 3008 que
2667 2925 2826 2990 data
2878 2937 2985 2990 est

579 3013 738 3077 mihi
770 3033 810 3075 a
836 3011 1103 3075 Christo
1134 3011 1427 3075 domino,

1602 3147 1816 3211 Lectio
1881 3148 1994 3231 ,iili

592 3260 920 3392 PAulus
951 3269 1148 3323 extra
1181 3280 1528 3323 numerum
1564 3259 1698 3340 xij.
1731 3260 2072 3343 apostolus
2105 3281 2238 3324 non
2272 3262 2357 3324 ab
2389 3260 2810 3325 hominibus:
2858 3282 2984 3325 nee

788 3368 906 3430 per
934 3348 1271 3411 hominem
1317 3347 1434 3410 sed
1491 3367 1607 3428 per
1662 3348 1881 3410 Iesum
1934 3347 2272 3412 Christum
2323 3359 2390 3412 et
2444 3348 2645 3412 deum
2703 3361 2987 3432 patrem,

577 3455 784 3519 quum
805 3445 980 3498 esset
1005 3431 1371 3517 injecclesia
1391 3434 1771 3510 Antiochie,
1792 3435 1898 3497 vbi
1921 3436 2201 3500 aderant
2226 3435 2551 3519 prophete
2570 3447 2636 3500 et
2658 3438 2987 3514 doctores,

580 3534 649 3587 et
682 3524 746 3586 in
780 3522 882 3585 his
938 3522 1278 3585 Barnabas
1332 3532 1399 3584 et
1455 3520 1709 3596 Simon,
1763 3523 1874 3602 qui
1924 3522 2290 3586 vocabatur
2345 3523 2569 3605 Niger,
2616 3535 2683 3588 et
2734 3524 2985 3587 Lucius

583 3609 1001 3692 Cyrenensis,
1024 3620 1093 3673 et
1122 3609 1501 3684 Manahem,
1524 3609 1636 3689 qui
1662 3619 1805 3672 erat
1829 3609 2117 3672 Herodis
2138 3610 2498 3674 Tetrarche
2518 3611 2987 3687 collactaneus,

581 3696 1109 3760 ministrantibus
1142 3696 1268 3759 illis
1300 3696 1592 3771 domin0,
1621 3708 1689 3759 et
1723 3697 2165 3759 ieiunantibus
2196 3697 2371 3761 dixit
2396 3699 2661 3779 spiritus
2693 3708 2986 3775 sanctuS,

586 3785 948 3867 Segregate
982 3784 1140 3846 mihi
1176 3782 1453 3848 Saulum
1487 3794 1555 3846 et
1588 3782 1962 3846 Barnabam
1998 3786 2064 3847 in
2098 3805 2284 3866 opuS,
2315 3783 2402 3846 ad
2435 3785 2616 3867 quod
2648 3786 2984 3866 assumpsi

576 3892 711 3948 e05,
744 3872 935 3934 Tunc
967 3871 1337 3934 ieiunantes
1367 3879 1436 3933 et
1466 3881 1749 3947 orantes,
1778 3871 2332 3952 imponentesque
2361 3872 2456 3934 eis
2490 3892 2725 3936 manus
2756 3871 2987 3936 dimis-

581 3968 774 4023 erunt
820 3958 981 4021 illos.
1119 3958 1211 4020 Et
1260 3958 1411 4039 ipsi³
1459 3957 1732 4038 quidem
1789 3959 1967 4020 missi
2020 3979 2060 4021 a
2108 3960 2341 4041 spiritu
2396 3969 2630 4023 sancto
2676 3959 2988 4023 abierunt

583 4045 954 4111 Seleuciam
1016 4055 1084 4107 et
1145 4046 1300 4107 inde
1350 4046 1835 4126 nauigauerunt
1885 4044 2201 4127 Cyprum,
2249 4055 2317 4108 et
2376 4066 2582 4127 quum
2646 4047 2986 4111 venissent

584 4133 1013 4202 Salaminam.
1075 4131 1508 4213 predicabant
1560 4132 1834 4194 verbum
1889 4133 1996 4194 dei
2047 4132 2112 4195 in
2177 4133 2542 4217 synagogis
2607 4132 2985 4210 Iudeorum‚

586 4219 950 4283 Habebant
975 4231 1198 4282 autem
1232 4230 1299 4282 et
1337 4218 1655 4282 Ioannem
1694 4220 1758 4281 in
1795 4220 2175 4284 ministeri0.
2268 4221 2359 4284 Et
2389 4241 2596 4302 quum
2630 4221 2984 4303 perambu-

578 4306 826 4370 lassent
850 4306 1226 4369 vniuersam
1248 4306 1530 4369 insulam
1555 4326 1766 4389 vsque
1790 4307 1873 4370 ad
1905 4306 2206 4388 Paphum
2234 4307 2628 4371 inuenerunt
2646 4311 2986 4389 quendam

675 4496 690 4527 ¹
725 4500 890 4547 sancti
902 4496 1062 4547 add
1095 4510 1171 4560 39.
1201 4510 1279 4559 41.
1663 4494 1686 4527 ²
1718 4497 1799 4548 die
1823 4510 1900 4560 30.
1930 4500 1989 4547 in
2012 4515 2077 4548 m.
2350 4536 2356 4542 .
2419 4536 2424 4540 -
2461 4497 2483 4529 ³
2513 4517 2607 4549 om.
2637 4512 2722 4564 39,
