3293 5225
581 475 672 525 124
1349 464 1641 515 DOMINI
1642 466 1732 514 CA
1770 466 1863 514 ΡΑ
1870 465 2026 513 LMA
2034 465 2083 513 R
2093 464 2216 515 UM.

1128 637 1194 705 (Ι
1251 631 1474 693 Tertia
1504 631 1681 693 lectio
1708 630 2054 693 secundum
2087 627 2439 693 loannem.¹

661 734 722 796 N
788 734 899 796 illo
959 744 1304 815 tempore:
1376 736 1665 798 Dicebat
1731 736 1916 797 Iesus
1965 735 2049 797 ad
2103 755 2219 796 eos
2278 734 2390 815 qui
2445 733 2869 795 crediderunt
2917 732 2977 794 ei

707 820 963 885 IudeOS.
1056 820 1127 885 Si
1192 843 1309 884 vos
1370 824 1762 898 manseritiS,
1817 824 1881 883 in
1933 842 2234 884 sermone
2289 841 2439 883 meo
2493 840 2644 882 vere
2677 818 2981 901 discipuli

577 909 705 969 mei
738 909 937 971 eritis,
971 918 1040 970 et
1073 908 1335 973 cetera}³

1168 1028 1253 1090 H
1247 1029 1470 1091 omilia
1499 1029 1713 1090 sancti
1736 1029 1794 1090 Α
1808 1028 2109 1110 agustini
2131 1027 2404 1107 episcopi.

580 1128 838 1262 CVm
888 1152 1005 1194 rex
1057 1133 1305 1195 iustitie
1355 1134 1599 1195 sederit
1650 1134 1714 1194 in
1766 1133 2024 1208 thron0,
2080 1134 2249 1194 sicut
2298 1133 2622 1212 scriptura
2677 1131 2985 1211 loquitur,

732 1217 907 1299 quis³
937 1218 1326 1300 gloriabitur
1357 1230 1614 1282 castum
1636 1240 1706 1282 se
1738 1219 1981 1282 habere
2011 1224 2167 1281 cor?
2259 1219 2402 1280 Aut
2422 1219 2571 1299 quis
2591 1217 2985 1299 gloriabitur

580 1306 904 1368 mundum
937 1326 1007 1368 se
1038 1326 1182 1368 esse
1214 1327 1253 1368 a
1287 1317 1561 1387 peccato
1589 1307 1612 1369 ?
1707 1307 1998 1368 Multum
2033 1326 2153 1368 nos
2185 1306 2414 1368 terruit
2468 1325 2510 1367 o
2563 1304 2798 1366 fratres
2850 1306 2980 1367 mei

578 1392 878 1455 dicendo,
974 1392 1222 1457 Seruus
1276 1413 1405 1455 non
1465 1404 1691 1455 manet
1742 1395 1805 1455 in
1856 1396 2060 1463 domo
2113 1394 2175 1454 in
2231 1403 2554 1455 eternum.
2646 1390 2983 1474 Adiungit

579 1488 801 1540 autem
835 1490 903 1542 et
934 1480 1132 1542 dicit:
1184 1481 1391 1543 Filius
1425 1491 1650 1542 manet
1685 1482 1747 1542 in
1780 1493 2101 1543 eternum.
2194 1480 2378 1561 Ergo
2428 1478 2607 1540 solus
2657 1478 2722 1539 in
2778 1477 2984 1540 domo

578 1585 698 1627 sua
758 1567 882 1628 erit
943 1566 1260 1630 Christus,
1355 1567 1594 1630 Nullus
1644 1587 1727 1629 ne
1757 1569 1816 1629 ei
1869 1567 2155 1649 populus
2203 1565 2589 1629 coherebit?
2680 1565 2804 1628 Cui
2857 1566 2982 1627 erit

575 1664 795 1734 caput,
828 1655 1046 1715 sinon
1079 1656 1200 1716 erit
1231 1660 1515 1737 corpus?
1605 1654 1719 1716 An
1753 1654 1921 1716 forte
1967 1665 2182 1717 totum
2234 1653 2358 1714 hoc
2412 1652 2582 1715 filius
2630 1662 2871 1733 caput:
2916 1662 2984 1714 et

574 1760 830 1822 corpus,
925 1740 985 1802 N
993 1761 1076 1802 on
1111 1741 1286 1803 enim
1321 1743 1462 1803 sine
1493 1762 1694 1803 causa
1726 1743 1970 1811 terruit.
2001 1751 2071 1803 et
2103 1761 2287 1822 spem
2323 1739 2524 1802 dedit.
2615 1737 2882 1801 Terruit
2900 1759 2983 1801 ne

575 1837 921 1907 peccatum
955 1848 1345 1890 amaremus
1438 1828 1643 1909 Spem
1677 1829 1878 1904 dedit,
1901 1829 2011 1890 ne⁴r
2030 1829 2280 1910 peccati
2306 1828 2634 1889 solutione
2658 1825 2984 1888 diffidere-

578 1933 740 1975 mus,
852 1912 1094 1976 Omnis
1146 1915 1418 1995 (inquit)
1471 1917 1582 1996 qui
1633 1915 1789 1977 facit
1840 1925 2206 1997 peccatum,
2255 1935 2483 1977 seruus
2535 1925 2637 1975 est
2711 1915 2981 1995 peccati.

579 1999 826 2063 Seruus
857 2012 1081 2063 autem
1117 2022 1247 2063 non
1285 2012 1510 2064 manet
1533 2003 1595 2063 in
1631 2002 1836 2064 domo
1869 2004 1932 2063 in
1967 2012 2286 2064 eternum.
2379 1999 2530 2082 Que
2581 2020 2742 2081 ergo
2792 2000 2982 2062 nobis

576 2107 728 2169 spes
787 2093 939 2149 est?
984 2090 1096 2169 qui
1161 2109 1291 2150 non
1352 2109 1582 2151 sumus
1642 2090 1785 2151 sine
1846 2095 2171 2172 peccato?
2292 2089 2474 2151 Audi
2535 2107 2723 2169 spem
2778 2097 2984 2149 tuam.

580 2174 784 2236 Filius
819 2186 1045 2237 manet
1078 2177 1141 2236 in
1177 2178 1380 2238 domo
1413 2176 1476 2237 in
1511 2186 1830 2238 eternum.
1925 2175 1993 2239 Si
2028 2175 2188 2257 ergo
2220 2174 2391 2237 filius
2424 2195 2542 2237 vos
2589 2173 2983 2249 liberauerit,

575 2271 733 2323 tunc
766 2282 916 2322 vere
949 2262 1132 2324 liberi
1166 2264 1361 2324 eritis,
1459 2262 1603 2325 Hec
1636 2283 1789 2343 spes
1839 2276 2065 2325 nostra
2113 2263 2346 2325 fratres
2399 2272 2515 2336 est,
2567 2271 2639 2323 vt
2690 2281 2730 2322 a
2779 2261 2983 2323 libero

572 2346 942 2410 liberemur.
1036 2349 1127 2411 Et
1158 2349 1502 2412 liberando
1534 2370 1655 2411 nos
1701 2370 1927 2412 seruos
1981 2350 2157 2412 facit.
2252 2349 2439 2412 Serui
2489 2349 2665 2410 enim
2720 2368 2983 2410 eramus

572 2436 974 2517 cupiditatiS,
1006 2434 1260 2498 liberati
1293 2438 1462 2499 serui
1494 2436 1882 2499 efficiamur⁵
1913 2437 2266 2500 charitatis,
2362 2437 2513 2498 Hoc
2545 2445 2610 2497 et
2642 2435 2984 2516 apostolus

571 2522 751 2584 dicit.
842 2522 985 2584 Vos
1017 2534 1239 2585 autem
1275 2523 1506 2586 fratres
1538 2524 1601 2585 in
1661 2523 2032 2586 libertatem
2087 2525 2303 2586 vocati
2354 2523 2527 2597 estiS‚
2581 2532 2843 2584 tantum
2899 2542 2981 2583 ne

570 2607 943 2672 libertatem
1007 2611 1070 2672 in
1133 2612 1550 2673 occasionem
1614 2614 1829 2674 carnis
1891 2614 2104 2674 detis:
2182 2612 2296 2673 sed
2376 2631 2491 2691 per
2587 2609 2977 2672 charitatem

570 2698 812 2759 seruite
874 2699 1175 2762 inuicem.
1269 2698 1421 2760 Non
1484 2720 1643 2780 ergo
1706 2700 1884 2761 dicat
1946 2698 2360 2762 Christianus
2436 2698 2600 2759 liber
2673 2716 2839 2772 sum,
2916 2698 2979 2758 in

572 2782 903 2847 libertatc⁶
934 2798 1209 2847 vocatus
1242 2806 1423 2846 sum:
1470 2806 1697 2849 seruus
1729 2806 1927 2861 eram,
1960 2788 2074 2848 sed
2109 2787 2251 2866 ipsa
2306 2785 2764 2866 redemptione
2820 2783 2983 2846 liber

571 2869 847 2933 effectus
877 2891 1023 2933 sum
1054 2895 1066 2934 ε
1113 2871 1349 2934 faciam
1384 2874 1561 2953 quod
1599 2871 1793 2935 νοΙο.7

1664 2993 1908 3057 Oratio,

583 3093 977 3224 PRoficiat
1038 3115 1398 3176 quesumus
1442 3095 1711 3158 domine
1766 3096 1954 3178 plebs
2008 3097 2127 3159 tibi
2182 3097 2403 3159 dicata
2452 3098 2559 3178 pie
2608 3095 2983 3158 deuotionis

732 3180 1021 3259 affectu,8
1053 3194 1121 3245 vt
1154 3185 1355 3245 sacris
1385 3184 1756 3246 actionibus
1789 3184 2065 3258 erudita,
2096 3194 2351 3263 quanto
2385 3183 2716 3245 maiestati
2751 3191 2862 3243 tue
2909 3181 2982 3243 fit

566 3270 832 3350 gratior,
863 3279 1054 3331 tanto
1083 3271 1277 3332 donis
1311 3269 1677 3352 potioribus
1709 3282 2067 3351 augeatur:
2116 3291 2245 3351 per.

1369 3401 1435 3469 (Ι
1481 3395 1829 3457 Dominica
1845 3395 2243 3475 palmarum.

703 3505 823 3566 Ad
846 3506 1258 3568 matutinum.
1355 3507 1412 3567 Α
1425 3507 1748 3587 ntipltona.
1841 3507 2214 3571 confortati
2247 3517 2420 3582 sunt,
2453 3507 2563 3587 qui
2599 3504 2979 3587 persequuti

569 3604 724 3655 sunt
758 3613 864 3655 me
897 3593 1144 3655 inimici
1182 3593 1310 3655 mei
1347 3594 1605 3668 iniuste,
1637 3614 1766 3675 que
1801 3614 1934 3655 non
1971 3595 2175 3675 rapui,
2208 3603 2367 3655 tunc
2401 3592 2824 3655 exoluebam.

1273 3718 1339 3786 (Ι
1371 3712 1484 3773 Ex
1507 3711 1736 3775 lsaia.⁹
1823 3712 2034 3774 Lectio
2051 3712 2294 3793 prima.

738 3815 835 3877 Ec
884 3815 1044 3877 dicit
1093 3815 1438 3878 Dominus,
1547 3814 1716 3897 Quis
1762 3827 1864 3878 est
1896 3816 2002 3877 hic
2036 3817 2202 3878 liber
2232 3815 2489 3897 repudij
2645 3815 2709 3877 in
2744 3812 2984 3876 dolori-

765 3902 887 3964 bus
918 3904 1278 3965 dormietis,

1132 4026 1198 4094 {1
1233 4021 1598 4083 Secundum
1629 4021 1723 4082 M
1718 4019 2012 4084 arcum.¹⁰
2099 4022 2314 4083 Lectio
2344 4020 2428 4103 .ι]’.

712 4124 771 4186 T
803 4144 953 4186 cum
986 4133 1161 4185 esset
1196 4124 1427 4186 Petrus
1458 4124 1523 4185 in
1557 4126 1726 4187 atrio
1757 4127 2085 4199 deorsum,
2118 4125 2297 4187 venit
2329 4145 2458 4187 vna
2492 4145 2580 4186 ex
2615 4122 2869 4186 ancillis

740 4221 809 4273 et
840 4230 974 4272 non
1007 4211 1279 4292 accepit.

670 4320 685 4351 ¹
723 4321 811 4370 Ca.
842 4319 873 4369 8
898 4321 955 4368 in
978 4337 1043 4370 m.
1456 4321 1478 4350 ²²
1512 4322 1731 4398 reliqua:
1770 4321 1847 4385 38.
1877 4333 1970 4372 etc.
2396 4319 2416 4351 ³
2450 4322 2578 4397 tuis:
2616 4322 2694 4370 66.

668 4386 689 4415 ⁴
721 4387 822 4436 de:
857 4387 967 4434 achi.
998 4398 1075 4449 39.
1104 4396 1198 4436 etc.
1457 4386 1477 4415 ⁵
1510 4387 1785 4437 efficimur:
1824 4388 1901 4451 38.
1931 4397 2024 4437 etc.
2265 4447 2270 4451 ι
2396 4388 2418 4415 ⁰
2450 4387 2765 4437 libertatemz
2801 4386 2879 4450 63.

668 4451 687 4483 '²
724 4453 977 4501 Miserere.
1011 4463 1086 4514 50.
1115 4454 1226 4500 add.
1256 4452 1333 4514 63.
1879 4452 1900 4483 ⁸
1932 4454 2158 4503 effectum
2184 4472 2195 4501 :
2233 4465 2309 4515 43.

666 4516 688 4547 ⁹
721 4517 809 4566 Ca.
842 4528 905 4580 50
928 4517 985 4564 in
1010 4534 1074 4566 m.
1103 4518 1157 4578 [l.
1195 4519 1362 4578 1-11.]
1857 4516 1896 4548 ¹⁰
1928 4518 2047 4579 [xiv.
2077 4518 2287 4567 66—xv.
2320 4518 2425 4581 23.]
