3293 5225
577 433 676 497 366
1379 428 1485 479 ΝΑ
1499 428 1578 478 TI
1585 429 1663 478 VI
1666 428 1717 477 Τ
1708 428 1803 477 AS
1831 427 2135 477 DOMINI.
2728 426 2906 488 [Dm.
2939 436 3031 489 25.

1684 592 1928 658 Oratio,

595 698 891 829 DEus,
971 698 1085 779 qui
1161 717 1282 759 nos
1358 695 1834 776 redemptionis
1909 704 2130 756 nostre
2205 713 2429 756 annua
2522 693 3033 775 expectatione

774 784 1065 861 letificas
1111 792 1348 866 presta,
1406 790 1480 844 vt
1538 782 1955 862 vnigenitum
2003 791 2212 857 tuum,
2256 800 2455 862 quem
2506 779 3034 863 redemptorem

579 873 694 936 leti
768 874 1202 955 suscipimus:
1270 870 1648 933 venientem
1710 887 1976 949 quoque
2037 868 2319 931 iudicem
2382 868 2596 930 securi
2654 867 3041 930 videamus

579 961 925 1024 dominum
1003 967 1299 1023 nostrum
1383 956 1601 1019 Iesum
1680 954 2016 1018 Christum
2080 954 2286 1017 filium
2348 963 2540 1017 tuum
2604 955 2725 1035 qui
2791 963 3039 1018 tecum

581 1048 748 1110 viuit
777 1056 845 1110 et
876 1054 1126 1130 regnat.

1513 1318 2053 1382 NATIVITAS

1474 1468 1772 1532 Domm
1823 1466 1885 1529 N
1892 1480 2108 1531 os‘rR1

1311 1580 1356 1643 I
1350 1601 1457 1642 esu
1495 1579 1753 1646 Christi
1775 1578 2011 1661 duplex
2039 1580 2270 1644 maius.

1411 1679 1533 1742 Ad
1554 1689 1853 1760 vesperas
1880 1678 2173 1761 hymnus,

592 1779 950 1913 CHriste
981 1779 1360 1862 redemptor
1389 1780 1689 1842 omnium
1726 1780 1837 1843 Ex
1872 1776 2082 1861 parte¹
2116 1779 2322 1861 patris
2350 1779 2541 1843 vnice
2595 1779 2806 1844 Solus
2867 1793 3045 1845 ante

764 1868 1194 1951 principium:
1243 1867 1459 1929 Natus
1491 1865 1927 1929 ineffabiliter.

720 1955 825 2019 Tu
888 1955 1111 2018 lumen
1172 1962 1244 2016 tu
1306 1952 1619 2036 splendor
1678 1954 1923 2035 patris:
1983 1952 2089 2016 Tu
2144 1973 2296 2036 spes
2344 1954 2652 2036 perennis
2700 1955 3037 2019 omnium

561 2111 564 2112 ⁷
598 2042 880 2106 Intende
910 2061 1077 2123 quas
1108 2040 1395 2104 fundunt
1428 2060 1655 2122 preces
1688 2040 1816 2102 Tui
1850 2060 1967 2122 per
1996 2040 2223 2103 orbem
2257 2039 2505 2104 famuli.

724 2128 1069 2192 Memento
1129 2128 1360 2190 salutis
1434 2137 1683 2203 auctor,
1742 2124 1942 2207 quot†
2014 2128 2220 2190 nostri
2294 2128 2635 2208 quondam
2713 2130 3035 2212 corporis

591 2217 703 2280 Ex
752 2216 1003 2279 illibata
1032 2215 1286 2297 virgine
1321 2214 1677 2277 Nascendo
1710 2213 1987 2276 formam
2021 2216 2395 2296 sumpseris,

725 2302 863 2367 Sic²
897 2323 1164 2385 presens
1195 2311 1475 2364 testatur
1504 2300 1665 2376 dies,
1719 2300 2005 2364 Currens
2058 2321 2175 2383 per
2221 2303 2379 2364 anni
2431 2302 2752 2365 circulum
2806 2301 3030 2386 Quod

593 2391 773 2454 solus
802 2410 843 2453 a
866 2389 1023 2453 sede
1055 2390 1260 2472 patris
1295 2388 1530 2451 Mundi
1561 2388 1740 2450 salus
1770 2388 2134 2451 adueneriS.

729 2477 932 2540 Hunc
963 2476 1198 2552 celum,
1229 2485 1416 2551 terra,
1449 2475 1624 2538 hunc
1659 2495 1839 2538 mare
1866 2499 1879 2538 :
1929 2474 2131 2538 Hunc
2161 2496 2380 2552 omne,
2410 2475 2590 2556 quod
2641 2477 2705 2539 in
2757 2477 2862 2540 eis
2918 2488 3027 2541 est

595 2565 956 2629 Auctorem
991 2563 1320 2627 aduentus
1352 2563 1444 2625 tui
1480 2562 1799 2626 Laudans
1828 2562 2090 2626 exultat
2120 2563 2397 2627 cantico,

729 2652 872 2716 Nos
902 2671 1168 2733 quoque
1219 2651 1333 2731 qui
1382 2660 1613 2713 sancto
1663 2660 1780 2713 tuo
1837 2650 2195 2732 Redempti
2245 2652 2570 2733 sanguine
2617 2671 2856 2715 sumus
2909 2652 3030 2718 Ob

595 2740 772 2804 diem
807 2739 1046 2802 natalis
1077 2738 1172 2801 tui
1210 2737 1561 2818 Hymnum
1596 2755 1847 2800 nouum
1879 2738 2309 2801 concinimus,

728 2826 954 2891 Gloria
1000 2824 1120 2887 tibi
1166 2824 1453 2900 domine,
1486 2823 1621 2906 Qui
1653 2833 1850 2886 natus
1894 2845 1966 2887 es
2019 2824 2104 2887 de
2158 2825 2427 2907 virgine,
2477 2824 2649 2889 Cum
2705 2835 2905 2908 patre
2954 2838 3029 2892 et

595 2924 826 2978 sancto
856 2913 1086 2996 spiritu
1121 2913 1186 2974 in
1219 2913 1623 2994 sempiterna
1655 2911 1892 2974 secula.
1984 2911 2224 2975 Arnen.

725 3007 791 3076 (Ι
836 2999 1220 3062 Notandum
1242 2998 1418 3080 quod
1432 2998 1502 3059 in
1526 2998 1822 3061 omnibus
1840 2997 2021 3060 lzoris
2043 2999 2113 3060 in
2125 2998 2271 3081 fine
2292 3000 2583 3061 omnium
2606 2999 3033 3082 hymnorum,

596 3098 734 3151 tam
766 3087 841 3149 de
872 3086 1237 3161 natiuitate‚
1264 3105 1460 3167 qnam
1492 3085 1570 3147 de
1597 3084 1755 3166 alijs
1764 3085 1967 3164 festis
1995 3106 2190 3167 vsque
2216 3086 2314 3148 ad
2333 3086 2747 3168 epiphaniam
2773 3087 3036 3153 dicitur

597 3175 825 3240 Gloria
856 3174 977 3236 tibi
1009 3173 1279 3235 domine
1313 3171 1447 3254 Qui
1481 3182 1677 3234 natus
1710 3192 1799 3235 es,
1830 3170 1962 3235 etc.³

728 3259 1122 3342 Antzplzona.
1203 3257 1536 3340 Completi
1569 3267 1726 3321 sunt
1755 3259 1896 3322 dies
1929 3261 2151 3337 marie,
2182 3270 2254 3322 vt
2285 3270 2544 3342 pareret
2576 3259 2792 3325 filium
2820 3283 3026 3328 suum

598 3349 1108 3432 primogenitum
1149 3346 1502 3421 Halleluia,
1533 3345 1860 3410 halleluia.

1678 3468 1923 3533 Oratio.

601 3570 1002 3704 COncede
1033 3589 1394 3650 quesumus
1425 3570 1850 3651 omnipotens
1881 3570 2044 3633 deus
2075 3579 2149 3633 vt
2181 3591 2302 3633 nos
2332 3571 2654 3654 vnigeniti
2690 3575 2796 3638 tui
2851 3598 3039 3643 noua

771 3679 887 3741 per
915 3677 1181 3720 carnem
1216 3656 1531 3719 natiuitas
1563 3656 1812 3733 liberet,
1843 3677 2012 3738 quos
2064 3657 2188 3720 sub
2238 3659 2489 3740 peccati
2540 3659 2702 3741 iugo
2755 3675 3042 3731 vetusta

597 3747 878 3810 seruitus
910 3753 1107 3808 tenet.
1141 3744 1300 3826 per.4

1202 3873 1271 3943 {l
1315 3868 1374 3929 Α
1386 3867 1439 3929 d
1467 3867 1867 3930 matutinum
1900 3868 2401 3933 inuitaton'umfi

730 3968 1031 4035 Christus
1060 3977 1257 4031 natus
1286 3976 1387 4030 est
1419 3966 1628 4043 nobiS,
1657 3969 1878 4031 venite
1924 3969 2293 4033 adoremus.

1624 4097 1952 4179 Hymnus.

608 4204 738 4333 Α
809 4201 983 4267 Solis
1041 4210 1236 4301 ortus·
1283 4201 1550 4301 cardine
1612 4200 1727 4263 Ad
1786 4222 1994 4282 vsque
2069 4213 2237 4267 terre
2312 4204 2589 4269 limitem
2669 4205 3040 4281 Christum

791 4309 1110 4352 canamus
1141 4308 1524 4371 principem,
1573 4288 1826 4352 Natum
1865 4289 2080 4352 Maria
2110 4291 2380 4374 virgine.

697 4411 718 4508 ἰ
759 4413 899 4462 Thus
919 4412 999 4461 61.
1028 4421 1200 4488 pat-re:
1238 4424 1315 4475 39.
1345 4420 1438 4461 etc.
1617 4410 1641 4441 ⁹
1674 4410 1813 4463 Hic:
1851 4424 1928 4475 39.
2097 4412 2120 4443 ³
2150 4414 2215 4464 de
2238 4415 2442 4480 virgine.
2469 4424 2525 4465 vt
2544 4424 2742 4481 supra:
2776 4433 2868 4485 39.
2901 4440 2986 4489 41,

750 4477 962 4528 eundem
985 4477 1243 4528 dommum
1267 4486 1488 4527 nostrum
1509 4495 1521 4527 :
1556 4479 1668 4527 add
1700 4490 1777 4541 39.
2099 4477 2121 4509 ⁶
2152 4480 2235 4530 die
2259 4491 2338 4545 25.
2366 4483 2425 4530 in
2448 4498 2515 4531 m.
