3293 5225
544 475 645 525 292
1000 463 1294 514 OCTAVA
1329 463 1837 514 NATIVITATIS
1865 464 1919 513 S.
1958 462 2279 513 IOANNIS
2306 462 2521 512 BAPT.
2698 461 2848 523 [Iun.
2878 462 2964 512 28.

552 617 967 681 obsidebant.
1044 618 1109 681 A
1136 616 1377 699 quibus
1395 616 1793 680 demonibus
1811 638 1962 680 cum
1985 617 2370 680 Terentiani
2395 616 2567 680 filius
2590 625 2968 689 vexaretur,

557 704 796 768 ductus
832 706 919 769 ad
970 715 1336 786 martyrum
1388 705 1811 787 sepulchrum
1863 704 2177 767 liberatus
2225 714 2327 767 est
2381 724 2594 786 eoque
2648 702 2971 766 miraculo

559 791 736 855 idem
769 803 838 855 et
872 802 1061 875 pater
1092 791 1177 855 ad
1205 791 1407 855 fidem
1429 791 1678 855 Christi
1699 792 2003 855 conuersi
2024 802 2195 867 sunt,
2225 801 2293 853 et
2319 811 2421 854 res
2445 801 2589 855 tota
2612 789 2968 874 patefacta.

562 879 744 942 Passi
776 890 933 942 sunt
953 890 1176 943 autem
1203 879 1422 942 Rome
1451 888 1652 941 sexto
1674 877 1990 942 calendas
2015 877 2185 960 Iulij.

990 1022 1057 1092 ΙΙ
1089 1016 1222 1078 Die
1252 1012 1399 1095 .27.¹
1431 1025 1661 1078 octaua
1691 1015 1909 1079 sancti
1933 1013 2230 1078 Ioannis⁵¹
2261 1013 2577 1097 baptistess

893 1141 1109 1204 Lectio
1138 1140 1250 1222 ‚2’3‘72
1281 1162 1362 1203 ex
1386 1160 1674 1203 sermone
1702 1140 1917 1204 sancti
1942 1141 2003 1202 A
2015 1140 2316 1221 agustini
2338 1140 2642 1222 episcopi.⁸

704 1265 862 1329 Vod
910 1275 1135 1330 autem
1192 1265 1477 1328 Ioannes
1510 1264 1576 1327 in
1611 1284 1871 1328 carcere
1916 1265 2316 1328 constitutus
2364 1263 2449 1328 ad
2483 1261 2792 1337 cristum†
2836 1262 2973 1325 dis-

732 1353 986 1435 cipulos
1031 1374 1186 1415 suos
1232 1352 1610 1428 destinauit,
1658 1352 1769 1415 lex
1821 1351 1906 1415 ad
1953 1351 2302 1434 euangelia
2346 1352 2729 1416 transmisit.
2820 1350 2978 1433 Que

557 1439 667 1503 lex
716 1441 907 1504 iuxta
952 1451 1191 1523 typum
1245 1439 1551 1502 Ioannis:
1613 1439 1801 1521 quasi
1847 1440 2221 1522 ignorantie
2265 1439 2520 1503 clauso⁴
2562 1459 2856 1502 carcere:
2904 1438 2974 1499 in

558 1527 839 1591 obscuro
862 1537 929 1590 et
953 1529 1018 1589 in
1045 1525 1307 1590 occulto
1332 1526 1589 1589 iacebat
1613 1550 1627 1589 :
1659 1525 1917 1588 iudaice
1939 1527 2235 1589 cecitatis
2257 1546 2490 1589 sensus
2512 1527 2689 1589 intra
2712 1525 2972 1589 literam

557 1615 908 1679 tenebatur
937 1615 1245 1677 inclusus.
1338 1614 1445 1677 De
1476 1614 1601 1676 hoc
1633 1614 1869 1676 beatus
1892 1613 2304 1695 euangelista
2326 1613 2753 1697 proloquitur.
2850 1611 2978 1675 Ille

558 1713 699 1765 erat
748 1701 1018 1765 lucerna
1063 1701 1303 1764 ardens
1351 1710 1419 1763 et
1470 1700 1735 1764 lucens:
1787 1702 1961 1764 adeo
2008 1700 2188 1782 quod
2239 1702 2506 1783 spiritus
2555 1703 2765 1764 sancti
2816 1700 2975 1782 igne

557 1810 872 1852 succensa
905 1787 1159 1851 mundo
1192 1789 1564 1872 ignorantie
1596 1797 1794 1851 nocte
1838 1789 2185 1869 possessi0,
2217 1788 2440 1850 lumen
2487 1788 2719 1851 salutis
2750 1797 2975 1850 osten-

557 1878 759 1952 deret,
790 1886 856 1939 et
903 1878 1091 1957 quasi
1137 1875 1307 1938 inter
1335 1875 1764 1938 densissimas
1801 1875 2191 1938 delictorum
2239 1875 2544 1938 tenebras
2576 1872 2976 1958 splendidis-

559 1964 799 2026 simum
856 1962 1100 2026 iustitie
1153 1962 1360 2025 solem
1415 1961 1576 2025 lucis
1637 1982 1755 2025 sue
1809 1963 1995 2024 radio
2050 1971 2565 2045 premonstraret
2617 1961 2702 2026 de
2754 1962 2976 2043 seipso

556 2049 816 2113 dicens:
852 2051 1004 2132 Ego
1027 2070 1162 2112 vox
1187 2049 1539 2112 clamantis
1568 2049 1633 2110 in
1660 2048 1939 2112 deserto,
2029 2049 2401 2112 Videamus
2431 2050 2495 2112 in
2530 2069 2663 2130 quo
2694 2048 2980 2124 deserto,

562 2135 629 2198 id
661 2147 762 2199 est
795 2137 857 2199 in
891 2138 1191 2219 gentium
1229 2136 1498 2219 populo,
1586 2136 1821 2199 Vacua
1867 2136 2044 2199 enim
2094 2136 2332 2200 timore
2393 2137 2522 2199 Dei
2571 2146 2860 2219 pectora,
2902 2145 2976 2198 et

558 2224 789 2305 spiritu
851 2234 1085 2287 sancto
1145 2224 1416 2299 arentia,
1475 2223 1739 2286 deserto
1799 2223 2164 2304 squalentis
2223 2224 2426 2287 eremi
2485 2233 2974 2305 comparantur.

561 2312 880 2375 Desertus
924 2312 1102 2374 enim
1135 2311 1240 2374 hic
1273 2311 1562 2374 mundus
1590 2311 1679 2373 ab
1709 2311 1891 2373 omni
1939 2311 2196 2373 cultura
2238 2310 2393 2373 fidei
2423 2320 2491 2374 et
2536 2311 2791 2374 timoris
2826 2310 2978 2386 Dei,

556 2409 623 2461 et
656 2409 1076 2481 peccatorum
1110 2398 1319 2481 spinis
1347 2398 1600 2460 obsitus
1632 2397 1982 2479 squalebat
2027 2407 2348 2479 tanquam
2381 2418 2541 2480 ager
2571 2398 2875 2472 incultuS,
2908 2407 2980 2460 et

562 2487 823 2568 penitus
873 2485 1123 2548 nullam
1157 2484 1483 2548 bonorum
1517 2504 1794 2566 operum
1828 2483 2303 2548 secunditatem
2335 2484 2683 2562 obtulerat,
2715 2485 2975 2548 nullum

560 2573 835 2637 imbrem
870 2574 1081 2657 gratie
1112 2572 1468 2656 spiritualis
1500 2580 1874 2654 exceperat.

934 2742 1001 2812 ΙΙ
1031 2736 1175 2799 Die.
1211 2734 1334 2800 28.5
1366 2736 1444 2798 de
1471 2744 1697 2798 octaua
1726 2736 1942 2798 sancti
1965 2734 2259 2799 Ioannis⁸
2290 2735 2599 2819 baptzzvtess

994 2860 1209 2924 Lectio
1239 2860 1453 2936 tertia,
1481 2881 1561 2922 ex
1583 2879 1869 2922 sermone
1898 2862 2112 2923 sancti
2135 2862 2196 2923 A
2207 2859 2543 2944 ugustz‘ni.⁷

747 2987 970 3050 Ittitur
999 2987 1233 3050 beatus
1284 2986 1568 3048 Ioannes
1604 2986 1717 3065 qui
1749 3006 1900 3048 cum
1949 2986 2335 3069 prophetica
2365 2998 2567 3068 atque
2611 2987 2982 3070 apostolica

771 3075 1219 3157 predicatione
1242 3072 1716 3135 annunciando
1738 3074 2172 3155 penitentiam
2198 3076 2385 3155 quasi
2412 3074 2640 3137 rudem
2662 3095 2978 3157 campum

564 3160 1033 3244 proscinderet,
1065 3159 1470 3234 secundaret,
1501 3169 1568 3222 et
1613 3159 1953 3223 excoleret
1997 3159 2339 3241 diuinique
2384 3161 2563 3223 verbi
2611 3162 2979 3225 seminibus

563 3249 902 3332 impleret:
934 3259 1001 3311 et
1032 3247 1116 3310 ad
1151 3257 1477 3309 maturam
1512 3245 1769 3328 frugem
1796 3247 1862 3309 id
1894 3257 1995 3309 est
2026 3247 2111 3310 ad
2147 3249 2662 3331 regenerationis
2691 3249 2977 3330 gratiam

564 3344 958 3418 prepararet.
1051 3335 1228 3397 Nam
1255 3333 1413 3396 illud
1440 3343 1690 3413 quante
1722 3333 1929 3415 glorie
1958 3343 2079 3410 est,
2102 3333 2282 3415 quod
2308 3335 2625 3398 Zacharie
2650 3336 2978 3399 sacerdoti

566 3425 723 3497 seni,
748 3432 815 3485 et
850 3421 1199 3485 Elizabeth
1229 3418 1484 3493 stereli†
1514 3442 1554 3483 a
1586 3420 1896 3484 Gabriele
1927 3419 1992 3482 id
2026 3432 2126 3484 est
2158 3422 2245 3484 ab
2275 3422 2516 3504 angelo
2547 3423 2660 3485 illo
2690 3444 2981 3506 prenun-

564 3511 808 3573 ciatur:
840 3530 880 3571 a
903 3529 1039 3591 quo
1075 3509 1285 3571 Marie
1309 3507 1562 3570 domini
1588 3509 1901 3570 natiuitas
1931 3509 2297 3583 nunciatur,
2320 3520 2388 3572 et
2419 3511 2608 3591 quasi
2638 3531 2726 3573 ex
2751 3510 2980 3591 aliquo

564 3597 796 3659 similis
822 3596 1097 3658 domino
1131 3595 1529 3677 premittitur
1560 3594 1732 3657 filius
1756 3594 1993 3657 sterilis
2023 3607 2178 3658 ante
2210 3596 2415 3659 filium
2442 3597 2729 3679 virginiS,
2752 3599 2982 3661 nescio

566 3685 743 3764 quod
778 3685 991 3746 maius
1025 3682 1411 3745 miraculum
1461 3683 1600 3764 ipsa
1635 3683 1932 3744 nouitate
1963 3681 2323 3747 declarans,
2416 3683 2764 3767 Insperata
2794 3684 2984 3768 prole

566 3771 873 3833 sterilitas
928 3780 1343 3833 muneratur:
1398 3770 1552 3849 quia
1607 3788 1786 3831 nouo
1839 3779 2032 3851 partu
2086 3780 2227 3832 erat
2287 3769 2565 3834 ditanda
2617 3773 2977 3854 virginitas.

571 3858 980 3921 Premittitur
1024 3868 1180 3920 ante
1234 3857 1450 3919 Iesum
1506 3856 1842 3919 Christum
1896 3856 2215 3919 Ioannes:
2264 3858 2451 3937 quasi
2500 3867 2981 3922 testamentum

568 3955 757 4007 vetus
789 3955 945 4007 ante
979 3964 1247 4018 nouum,
1279 3953 1349 4005 vt
1380 3940 1520 4003 dies
1547 3941 1678 4005 diei
1710 3953 1960 4005 eructet
1992 3944 2284 4020 verbum,
2310 3955 2376 4007 et
2406 3956 2978 4009 sacramentorum

567 4032 846 4095 obscura
881 4030 1293 4114 profunditas
1323 4029 1843 4092 euidentioribus
1890 4050 2062 4093 noue
2092 4030 2392 4095 doctrine
2425 4032 2756 4114 mysterijs
2797 4054 2984 4098 reue-

566 4117 750 4185 letur.

666 4324 681 4354 ¹
717 4328 808 4374 de:
841 4327 952 4374 add.
984 4337 1061 4387 39.
1091 4335 1183 4374 etc.
1474 4321 1497 4353 ²
1527 4323 1594 4372 di.
1627 4334 1704 4383 27.
1736 4324 1793 4371 in
1818 4340 1882 4372 m.
1913 4342 1925 4373 :
1960 4341 2053 4375 om.
2086 4325 2163 4388 38.
2196 4338 2272 4389 39.
2303 4340 2382 4389 41.
2412 4327 2490 4377 61.
2521 4328 2599 4393 63.
2629 4330 2707 4391 64.
2738 4330 2817 4379 66.

664 4389 686 4484 Ξ
715 4408 808 4505 (εἴη.
827 4403 902 4504 ‘389
904 4427 916 4439 ⁸
933 4404 1061 4503 2321272
1105 4475 1116 4486 ·
1140 4472 1218 4504 om
1298 4453 1328 4503 8
1374 4466 1436 4516 39
1484 4387 1734 4502 ⁴101?ng
1761 4401 1840 4503 396
1868 4390 2055 4504 416664.
2452 4392 2473 4424 ὅ
2506 4395 2620 4444 Die·
2656 4394 2747 4445 18:
2783 4396 2864 4446 6¹⁰

661 4518 686 4553 '¹
717 4472 951 4585 cffisjop'i:
984 4522 1094 4570 add
1125 4520 1202 4583 38.
1222 4467 1310 4583 ⁰4:33.
1330 4490 1418 4569 ⁹61.
1437 4469 1526 4582 ⁸62.
1548 4490 1560 4503 ⁹
1733 4466 1777 4517 3·
1841 4470 1886 4516 4
1982 4493 1994 4505 ⁸
