3293 5225
401 498 529 547 FER.
559 498 634 559 2.]
1091 498 1445 549 PURIFICA
1461 498 1580 547 Tlo
1612 497 1678 547 B.
1718 498 2024 547 MARJAE
2069 498 2121 548 V.
2717 495 2806 546 261

400 651 688 732 regebat,
707 672 906 734 quem
928 652 1115 734 virgo
1136 652 1410 734 peperit,
1432 663 1501 715 et
1525 659 1945 734 postpartum
1969 652 2155 734 virgo
2175 652 2556 733 permansit,
2577 651 2813 733 ipsum,

400 759 603 820 quem
638 740 885 821 genuit,
916 738 1242 802 adorauit.

1480 874 1727 938 Oratio,

409 987 944 1118 OMnipotens
976 987 1377 1069 sempiterne
1413 986 1596 1049 Deus
1630 987 2049 1050 maiestatem
2097 995 2282 1049 tuam
2316 984 2651 1068 supplices
2697 1004 2815 1045 ex-

581 1094 885 1137 oramus:
932 1084 1003 1137 vt
1049 1074 1218 1137 sicut
1262 1074 1640 1157 vnigenitus
1687 1084 1840 1136 tuus
1886 1073 2206 1135 hodierna
2252 1073 2360 1136 die
2391 1093 2543 1135 cum
2594 1081 2818 1134 nostre

401 1162 621 1224 carnis
652 1162 1022 1224 substantia
1056 1162 1120 1223 in
1155 1162 1411 1243 templo
1442 1169 1544 1223 est
1575 1170 2031 1243 presentatus:
2080 1161 2172 1223 ita
2204 1181 2325 1223 nos
2358 1159 2561 1222 facias
2594 1157 2817 1241 purifi-

400 1250 570 1311 catis
602 1249 720 1311 tibi
755 1249 1086 1311 mentibus
1120 1249 1482 1331 presentari
1512 1273 1526 1312 :
1562 1269 1678 1330 per
1709 1250 2015 1311 eundem.
2045 1257 2150 1311 etc.

1119 1385 1181 1448 A
1192 1385 1245 1447 d
1269 1385 1668 1447 matutinum
1701 1384 2180 1447 inuitatorium.

539 1511 713 1573 Ecce
745 1512 926 1574 venit
972 1511 1057 1573 ad
1106 1509 1431 1592 templum
1468 1520 1773 1572 sanctum
1806 1529 2000 1572 suum
2047 1510 2429 1573 dominator
2465 1509 2820 1572 dominus:

401 1600 624 1680 gaude
658 1609 725 1661 et
757 1598 958 1661 letare
993 1598 1154 1661 Sion
1188 1617 1538 1660 occurrens
1568 1598 1698 1660 deo
1730 1607 1863 1659 tuo,

537 1684 863 1767 HymnuS.
954 1685 1016 1749 O
1052 1686 1340 1767 gloriosa
1372 1685 1645 1747 domina
1675 1682 1808 1746 etc}

535 1772 934 1852 Antzplcona.
1031 1772 1393 1835 Benedicta
1423 1780 1496 1835 tu
1529 1772 1596 1833 in
1632 1770 2015 1834 mulieribus
2045 1781 2112 1834 et
2145 1770 2532 1834 benedictus
2571 1769 2822 1832 fructus

409 1860 656 1921 ventris
687 1862 800 1923 tui.

946 2001 1013 2071 (I
1055 1996 1277 2059 Tertia
1307 1996 1499 2058 lecti0.
1594 1995 1962 2059 Secundum
1993 1994 2283 2058 Lucam?

496 2122 554 2184 N
621 2122 732 2184 illo
794 2132 1136 2203 tempore:
1187 2122 1553 2203 Postquam
1630 2120 1886 2204 impleti
1951 2132 2107 2185 sunt
2194 2122 2337 2183 dies
2412 2124 2825 2206 purgationis

526 2210 736 2271 Marie
782 2208 1147 2271 secundum
1198 2208 1413 2289 legem
1454 2209 1715 2288 Moysi:
1762 2208 2055 2270 tulerunt
2102 2207 2285 2271 illum
2334 2208 2398 2270 in
2445 2207 2827 2289 Ierusalem,

405 2297 834 2444 vtrsisterent
879 2314 1030 2358 eum
1064 2296 1342 2358 domino
1373 2295 1542 2358 sicut
1588 2297 1908 2378 scriptum
1941 2305 2043 2357 est
2089 2295 2154 2358 in
2188 2294 2333 2377 lege
2365 2297 2638 2363 domini.
2731 2298 2824 2362 Et

406 2404 475 2445 re
505 2403 675 2464 iqua.

958 2550 1025 2621 (I
1058 2544 1357 2607 Homilia
1384 2545 1600 2607 sancti
1622 2544 1685 2607 A
1698 2544 1968 2626 mbrosij
1988 2545 2267 2626 epzssvcopi.

425 2671 612 2800 ET
645 2691 798 2733 ecce
830 2670 1032 2733 homo
1063 2682 1204 2733 erat
1237 2671 1299 2732 in
1339 2670 1696 2733 Ierusalem
1724 2694 1737 2732 :
1775 2670 1879 2732 cui
1914 2690 2156 2732 nomen
2194 2669 2490 2751 Symeon
2523 2681 2590 2734 et
2623 2671 2827 2735 homo

585 2759 707 2821 iste
763 2758 991 2833 iustuS,
1042 2768 1111 2819 et
1171 2759 1521 2820 timoratus
1579 2767 1947 2839 expectans
2009 2758 2535 2839 redemptionem
2604 2758 2827 2823 Israel.

417 2846 570 2907 Non
606 2845 818 2907 solum
852 2847 938 2907 ab
983 2845 1239 2925 angelis
1269 2855 1336 2907 et
1384 2844 1762 2927 prophetis:
1809 2864 1848 2906 a
1882 2845 2264 2926 parentibus
2297 2856 2364 2907 et
2411 2846 2825 2927 pastoribus:

412 2935 528 2995 sed
580 2933 780 2995 etiam
815 2952 853 2994 a
900 2932 1268 2994 senioribus
1309 2941 1377 2993 et
1425 2932 1629 3006 iustis,
1662 2932 2003 3013 generatio
2050 2932 2300 2994 domini
2333 2932 2613 3015 accepit⁸
2645 2933 2826 2996 testi-

415 3020 733 3082 monium.
825 3017 1064 3081 Omnis
1088 3031 1231 3080 etas
1257 3028 1323 3080 et
1349 3026 1621 3099 vterque
1648 3038 1868 3092 sexuS,
1898 3029 2324 3081 venturorum
2361 3018 2825 3083 miraculorum

414 3106 616 3169 fidem
666 3116 984 3169 astruunt.
1076 3105 1284 3186 Virgo
1330 3116 1641 3184 generat:
1704 3105 1943 3167 sterilis
1991 3106 2199 3187 parit:
2249 3116 2471 3168 mutus
2517 3105 2825 3187 loquitur.

421 3193 763 3256 Elisabeth
814 3194 1188 3275 prophetat,
1231 3213 1467 3274 magus
1514 3193 1788 3256 adorat:
1835 3202 2020 3255 vtero
2066 3192 2325 3255 clausus
2378 3192 2662 3256 Ioannes
2708 3214 2826 3257 ex-

418 3281 627 3343 ultat:
688 3282 890 3343 vidua
937 3279 1330 3343 confitetur:
1380 3281 1590 3342 iustus
1636 3290 1969 3362 expectat.
2064 3279 2154 3341 Et
2200 3280 2369 3342 bene
2415 3280 2626 3343 iustus
2672 3282 2828 3362 quia

418 3387 550 3429 non
584 3388 772 3429 suam
807 3366 923 3429 sed
973 3367 1198 3449 populi
1231 3368 1513 3448 gratiam
1556 3367 1967 3449 requirebat:
2015 3368 2286 3448 cupiens
2318 3368 2457 3449 ipse
2489 3370 2828 3450 corporee⁴

414 3455 692 3517 vinculis
753 3454 1129 3536 fragilitatis
1181 3452 1475 3516 absolui:
1537 3458 1654 3516 sed
1710 3463 2077 3536 expectans
2132 3452 2355 3515 videre
2410 3455 2826 3536 promissum.

420 3540 690 3605 Sciebat
719 3542 897 3605 enim
923 3542 1079 3621 quia
1112 3541 1288 3602 beati
1322 3540 1493 3603 oculi
1527 3542 1639 3621 qui
1668 3541 1967 3603 viderent
2001 3539 2338 3603 Christum
2372 3542 2643 3605 domini.
2737 3542 2828 3605 Et

417 3630 672 3710 accepit
704 3649 857 3690 eum
893 3630 956 3690 in
991 3628 1296 3690 manibus
1327 3629 1499 3690 suis:
1539 3638 1604 3690 et
1637 3627 1986 3691 benedixit
2017 3627 2216 3690 deum
2249 3638 2316 3691 et
2347 3627 2538 3692 dixit.
2630 3628 2693 3690 N
2702 3648 2828 3691 unc

411 3715 715 3797 (inquit)³
763 3716 1030 3778 domine
1082 3712 1299 3777 mitte⁶
1345 3735 1607 3777 seruum
1660 3725 1847 3778 tuum
1899 3716 1962 3777 in
2016 3735 2201 3796 pace.
2291 3714 2532 3778 Videte
2583 3716 2828 3779 iustum

419 3803 601 3865 velut
631 3823 945 3885 corporea
978 3801 1151 3865 mole
1184 3801 1508 3864 inclusum
1541 3801 1711 3864 velle
1744 3802 1998 3864 absolui
2030 3812 2102 3865 vt
2133 3802 2225 3864 sic
2259 3803 2467 3884 possit
2498 3823 2643 3865 esse
2674 3824 2826 3866 cum

419 3889 702 3953 Christo
797 3888 1090 3952 Dissolui
1137 3890 1317 3951 enim
1363 3899 1429 3951 et
1478 3909 1620 3950 esse
1652 3908 1804 3951 cum
1855 3888 2121 3952 Christo
2170 3889 2382 3952 multo
2431 3891 2664 3953 melius
2710 3901 2827 3953 est.

418 3976 553 4058 Qui
584 3977 727 4038 vult
772 3997 932 4058 ergo
964 3977 1249 4039 dimitti:
1297 3977 1521 4039 veniat
1556 3976 1618 4037 in
1664 3975 2029 4058 templum:
2076 3976 2299 4038 veniat
2347 3976 2411 4038 in
2453 3976 2832 4052 Ierusalem,

415 4074 734 4145 expectet
754 4063 1092 4127 Christum
1114 4062 1461 4126 dominum
1486 4064 1801 4144 :accipiat
1824 4064 1886 4124 in
1911 4063 2218 4125 manibus
2236 4062 2508 4126 verbum
2534 4063 2789 4127 domini
2816 4087 2829 4126 :

418 4151 897 4232 complectatur
928 4150 1106 4214 velut
1151 4150 1549 4230 quibusdam
1598 4149 1751 4212 fidei
1785 4170 1901 4212 sue
1934 4150 2220 4231 brachijs
2265 4159 2423 4213 tunc
2461 4152 2834 4214 dimittetur

413 4246 487 4299 vt
522 4258 652 4299 non
687 4238 910 4301 videat
945 4247 1227 4300 mortem
1259 4238 1372 4319 qui
1406 4237 1643 4300 viderit
1672 4238 1899 4301 vitam.

518 4416 533 4447 ¹
569 4418 665 4467 die.
697 4390 742 4467 2‘.
773 4419 829 4467 in
854 4434 921 4469 m.
992 4417 1102 4479 [see
1122 4418 1287 4480 below,
1313 4434 1362 4482 p.
1392 4415 1531 4480 388.]
1725 4414 1749 4447 2
1781 4416 1870 4466 ca.
1900 4417 1951 4467 ii.
1979 4418 2090 4467 aad.
2120 4430 2199 4480 39.
2226 4429 2308 4478 41.

516 4482 537 4510 ³
570 4484 783 4547 accipit:
821 4497 898 4546 39.
1731 4480 1753 4512 ⁴
1784 4498 2027 4548 corpore:
2065 4494 2143 4546 39.
2173 4481 2252 4543 64.

516 4546 537 4577 ⁸
569 4565 661 4598 om.
691 4548 769 4611 63.
1001 4600 1008 4606 ,
1736 4544 1759 4577 ⁶
1790 4547 2022 4597 dimitte:
2059 4560 2123 4611 39
2146 4555 2239 4598 etc.
