3293 5225
344 435 467 486 IAN.
497 437 602 498 22.]
1060 438 1113 486 S.
1153 437 1407 487 AGNES
1438 450 1458 484 .·
1493 437 1545 487 S.
1598 434 2075 486 VINCENTIUS.
2659 440 2754 494 253

843 645 911 716 (Ι
954 640 1180 722 Agnes
1209 640 1395 721 virgo
1424 636 1719 718 martyr}
1764 637 2000 719 duplex
2027 637 2261 699 minus.

1382 752 1628 816 Oratio,

347 866 888 996 OMnipotens
949 865 1350 948 sempiterne
1398 866 1579 939 deuS,
1631 864 1744 944 qui
1795 862 2056 927 infirma
2111 861 2341 925 mundi
2396 860 2619 941 eligis:
2686 866 2760 920 vt

583 952 776 1015 fortia
807 972 1070 1034 queque
1101 951 1513 1015 confundas:
1560 952 1854 1013 concede
1887 951 2247 1051 propitius:
2281 958 2350 1011 vt
2403 949 2515 1029 qui
2567 947 2762 1009 beate

349 1040 638 1121 Agnetis
670 1040 978 1120 martyris
1024 1050 1135 1101 tue
1181 1038 1479 1102 solennia
1524 1038 1802 1101 colimus
1855 1041 1994 1101 eius
2047 1037 2227 1119 apud
2282 1046 2349 1098 te
2397 1034 2765 1117 patrocinia

343 1129 729 1191 sentiamus,
822 1127 960 1190 Per.
1050 1136 1154 1190 etc.

1392 1261 1604 1324 Lectio
1634 1262 1747 1343 ‚2'4'72

357 1375 681 1504 AGnes
741 1376 926 1458 virgo
988 1375 1297 1437 Romana
1357 1373 1548 1436 claris
1610 1374 1993 1457 parentibus
2038 1383 2200 1450 orta,
2247 1394 2398 1437 cum
2449 1373 2536 1436 ab
2590 1372 2766 1435 vrbis

587 1462 853 1545 prefecti
887 1461 1022 1523 filio
1054 1482 1279 1524 amore
1311 1461 1632 1542 flagrante
1665 1463 1729 1523 in
1764 1463 2114 1543 coniugem
2151 1462 2410 1543 magnis
2458 1460 2766 1543 pollicitis

354 1560 419 1611 et
481 1550 910 1612 contentione
971 1558 1320 1630 peteretur,
1381 1549 1694 1610 omnibus
1756 1550 1992 1630 spretis
2054 1549 2119 1610 in
2179 1569 2259 1611 ea
2337 1549 2763 1630 responsione

352 1638 655 1719 perstitit,
686 1657 756 1697 se
787 1635 873 1697 ab
903 1646 1200 1698 amatore
1231 1635 1496 1699 Christo
1528 1635 1726 1697 fuisse
1757 1646 2170 1717 occupatam,
2201 1634 2481 1718 ipsique2
2526 1634 2648 1696 soli
2696 1654 2768 1697 se

351 1723 582 1786 datam
618 1723 817 1786 fidem
866 1733 1156 1805 prestare
1189 1731 1508 1804 oportere.
1603 1723 1628 1784 I
1639 1731 1707 1784 ta
1741 1743 1890 1784 cum
1915 1744 2129 1804 neque
2161 1722 2517 1803 blanditijs,
2551 1741 2766 1803 neque

358 1812 553 1872 minis
587 1819 1118 1873 commoueretur
1149 1830 1188 1871 a
1224 1809 1675 1891 Symphronio
1708 1812 2061 1892 prepositO,
2093 1831 2213 1872 nec
2241 1812 2415 1872 iussa
2440 1811 2563 1872 dee
2584 1817 2766 1871 veste

353 1897 722 1960 sacrificare
745 1898 1086 1979 paruisset,
1107 1897 1399 1959 vestibus
1425 1897 1710 1979 spoliata
1737 1906 2053 1979 preeunte
2086 1918 2367 1979 precone
2399 1898 2465 1959 in
2489 1897 2767 1977 lupanar

356 1986 555 2047 ducta
576 1995 694 2058 est,
714 1985 822 2046 vbi
848 1984 1088 2046 celeste
1112 1985 1334 2046 lumen
1363 1985 1453 2046 sic
1478 2004 1628 2046 eam
1651 1984 2097 2060 circumfulsit,
2120 1994 2190 2046 vt
2217 2005 2255 2046 a
2278 1984 2540 2047 nemine
2559 1983 2765 2046 videri

356 2083 598 2153 posset.
720 2071 1023 2151 Cumque
1085 2071 1356 2152 prefecti
1420 2070 1590 2133 filius
1649 2072 1887 2153 virgini
1951 2071 2381 2134 insultaturus
2458 2072 2771 2133 intrasset

357 2159 702 2220 confestim
737 2158 1067 2219 exanimis
1099 2159 1332 2220 iacuit:
1380 2159 1491 2238 qui
1533 2178 1696 2219 mox
1742 2159 2040 2221 oratione
2086 2160 2353 2239 virginis
2399 2159 2769 2231 suscitatuS,

353 2265 789 2326 egressusque
844 2246 908 2305 in
965 2245 1302 2326 publicum
1352 2245 1640 2307 clamare
1694 2246 1906 2327 cepit:
1961 2244 2245 2328 Templa
2294 2247 2568 2308 deorum
2626 2264 2769 2306 esse

359 2331 771 2394 demonium3
802 2333 1136 2394 domicilia
1166 2342 1232 2394 et
1264 2332 1478 2395 solum
1529 2331 2053 2395 Christianorum
2086 2353 2314 2396 verum
2362 2353 2505 2394 esse
2551 2332 2768 2393 deum.

359 2418 515 2500 Quo
578 2419 891 2481 miraculo
952 2418 1351 2501 templorum
1416 2418 1840 2501 pontificibus
1899 2421 2270 2496 commotiS‚
2321 2440 2396 2481 ac
2443 2419 2767 2500 virginem

360 2526 629 2588 magam
707 2526 849 2567 esse
925 2507 1436 2568 clamitantibus
1546 2505 2034 2589 Symphronius
2099 2508 2253 2570 licet
2302 2508 2431 2569 iam
2496 2507 2766 2588 Agnem

360 2592 638 2655 libenter
667 2592 1059 2668 absolueret,
1093 2594 1331 2656 timens
1363 2603 1586 2663 tamen
1599 2594 2008 2694 pontificum
2057 2594 2459 2656 calumniam
2498 2615 2765 2656 causam

360 2681 630 2763 virginis
661 2680 1195 2763 cognoscendam
1228 2680 1520 2763 Aspasio
1552 2681 1795 2743 vicario
1824 2683 2171 2745 commisit.
2266 2682 2396 2743 Hic
2443 2691 2666 2743 autem
2701 2683 2765 2743 in

358 2779 717 2850 conspectu
750 2769 1049 2830 omnium
1083 2788 1315 2849 rogum
1351 2768 1639 2843 accendi,
1671 2778 1739 2830 et
1772 2769 1836 2831 in
1891 2790 2041 2831 eum
2097 2770 2418 2851 virginem
2470 2768 2768 2850 protrudi

358 2855 561 2918 iussit.
654 2854 807 2937 Quo
839 2855 1016 2916 facto
1047 2854 1332 2916 flammis
1365 2853 1639 2917 diuisis
1625 2876 1768 2937 ipsa
1802 2857 1865 2917 in
1902 2855 2123 2918 medio
2154 2856 2336 2918 illesa
2391 2857 2772 2938 permansit,

358 2952 426 3004 et
458 2943 630 3025 ignis
663 2945 1163 3004 circumstantes
1193 2942 1534 3018 exurebat,
1564 2944 1677 3023 qui
1708 2953 1932 3005 tamen
1966 2943 2051 3005 ad
2089 2945 2455 3005 orationem
2503 2942 2774 3023 virginis

361 3032 587 3092 statim
639 3031 976 3091 extinctus
1028 3038 1143 3091 est.
1237 3029 1427 3092 Tunc
1482 3030 1810 3111 Aspasius
1859 3031 1952 3092 ira
2003 3032 2370 3092 concitatus
2403 3030 2589 3092 iussit
2619 3050 2766 3092 eam

363 3116 690 3179 decollari.
803 3117 894 3178 Et
953 3117 1046 3177 sic
1106 3118 1425 3197 martyrio
1485 3126 1802 3179 coronata
1899 3118 1983 3181 ad
2054 3137 2373 3199 sponsum
2445 3114 2772 3190 Cristum†

359 3205 713 3284 emigrauit
761 3203 893 3283 .xij.
948 3202 1259 3265 calendas
1308 3203 1665 3284 Februarij.
1761 3205 2072 3267 Parentes
2102 3214 2327 3267 autem
2362 3204 2502 3266 eius
2533 3224 2772 3285 corpus

363 3290 777 3352 abstulerunt
811 3301 876 3352 et
907 3291 1013 3351 via
1050 3290 1474 3353 Numentana
1507 3292 1571 3352 in
1607 3290 1903 3373 prediolo
1934 3312 2055 3353 suo
2089 3304 2221 3354 non·
2254 3292 2451 3373 longe
2483 3293 2568 3353 ab
2612 3291 2772 3354 vrbe

365 3377 781 3457 sepelierunt.
873 3376 1131 3458 Quibus
1193 3379 1256 3438 in
1321 3378 1669 3459 sepulchro
1723 3399 1873 3439 cum
1926 3378 2099 3452 fletu,
2164 3390 2231 3442 et
2292 3380 2769 3442 lamentatione

360 3464 808 3527 assidentibus
867 3463 1191 3545 frequenti
1253 3465 1579 3544 virginum
1641 3474 1793 3527 cetu
1854 3466 2283 3548 circunsepta‚
2343 3466 2646 3541 candida,
2707 3476 2773 3527 et

365 3551 715 3633 refulgenS,
746 3551 980 3633 Agnes
1010 3553 1336 3633 apparuit,
1367 3553 1762 3632 hortataque
1793 3564 1894 3614 est
1926 3553 2089 3629 illos,
2121 3563 2193 3615 vt
2247 3552 2372 3635 pijs
2415 3554 2773 3633 lachrymis

366 3638 564 3701 finem
643 3640 1078 3720 imponerent,
1167 3637 1710 3719 quandoquidem
1803 3640 1943 3721 ipsa
2034 3640 2099 3701 in
2191 3641 2404 3703 celum
2497 3641 2776 3714 sublata,

364 3725 791 3788 4vberrimum
825 3724 1020 3786 ferret
1051 3726 1149 3786 sui
1184 3727 1479 3805 martyrij
1505 3727 1879 3808 premium*
1973 3726 2182 3809 Igitur
2205 3727 2383 3790 fama
2404 3729 2777 3790 sanctitatis

362 3813 504 3875 eius
564 3813 805 3893 vbique
866 3810 1180 3893 dispersa,
1240 3821 1570 3893 quotquot
1630 3814 1973 3876 credentes
2034 3813 2121 3876 ad
2169 3814 2588 3897 sepulchrum
2636 3817 2777 3877 eius

367 3902 719 3975 venissent,
751 3920 789 3960 a
822 3918 1220 3980 quacunque
1251 3898 1635 3963 infirmitate
1668 3900 2093 3964 sanabantur.

599 4042 665 4111 (Ι
730 4035 1101 4099 Vincentius
1129 4046 1191 4098 et
1219 4037 1278 4098 Α
1291 4037 1624 4099 nastasius
1654 4037 2013 4117 martyreS.⁵
2103 4039 2317 4102 Lectio
2347 4040 2559 4103 tertia.

373 4149 849 4280 Vincentius
882 4147 1104 4211 Osche
1137 4160 1351 4222 natm,
1374 4148 1555 4247 quod
1587 4149 1910 4232 oppidum
1944 4160 2045 4213 est
2082 4151 2410 4232 Hispanie
2444 4153 2778 4230 citeriori5‚

594 4237 681 4300 ab
713 4238 982 4298 ineunte
1011 4243 1191 4298 etate
1235 4236 1458 4299 studio
1506 4236 1840 4300 literarum
1890 4237 2174 4313 dedituS‚
2210 4250 2279 4301 et
2332 4241 2533 4302 sacris
2576 4240 2775 4304 literis

466 4372 483 4404 ¹
519 4374 598 4423 die
624 4386 700 4422 21.
732 4374 789 4421 in
812 4389 878 4420 m.
1670 4369 1693 4401 ²
1679 4371 1851 4467 ipsi.
1890 4385 1966 4435 39.
1997 4386 2077 4434 41.

468 4438 488 4469 ³
520 4441 804 4488 dcemonum
831 4455 844 4486 ε
883 4436 960 4500 38.
990 4444 1083 4486 etc.
1679 4435 1786 4474 4-4
1818 4438 2065 4487 vberrima
2088 4439 2234 4488 ferret
2258 4440 2494 4505 praemia:
2532 4438 2611 4503 38.

468 4504 489 4536 ⁶
522 4506 603 4555 die
626 4517 703 4553 22.
735 4504 792 4551 in
816 4519 880 4551 m.
