3293 5225
626 388 723 452 382
1040 390 1082 438 C
1088 389 1262 436 OMM
1266 387 1423 436 UNE
1461 387 1961 437 CONFESSORIS
1987 389 2157 438 NON
2183 388 2339 437 I'ON
2342 389 2395 437 T
2387 389 2550 438 JHC
2547 390 2623 438 IS
2622 426 2635 438 .

626 561 947 692 §acumen
1010 541 1248 604 Totius
1310 542 1538 605 mundi
1603 541 1983 605 machinam
2047 542 2375 623 gubernat
2432 542 2688 605 Trinus
2746 555 2821 606 et
2878 565 3077 607 vnus,

703 649 875 692 men.

757 715 1155 796 Antt‘pltona.
1249 715 1574 779 Sacerdos
1604 724 1673 778 et
1706 715 2032 798 pontifex,
2062 726 2130 778 et
2161 715 2479 779 virtutum
2514 716 2780 800 opifex,
2834 730 3077 800 pastor

629 804 804 867 bone
838 804 900 865 in
937 803 1184 885 populo
1216 824 1332 865 ora
1367 824 1484 885 pro
1511 802 1703 865 nobis
1734 803 2101 867 dominum.

761 890 1078 971 Sifuerit
1109 909 1407 952 summus
1444 890 1749 970 pontifex
1796 890 2169 972 antiphona.
2262 890 2444 953 Dum
2497 902 2683 954 esset
2744 912 3074 955 summus

630 978 956 1078 pontiseif,
986 988 1245 1040 terrena
1279 997 1409 1040 non
1476 975 1753 1051 metuit,1
1817 978 1932 1040 sed
1994 978 2079 1040 ad
2134 977 2404 1040 celestia
2454 998 2666 1059 regna
2721 980 3078 1060 gloriosus

628 1073 1196 1234 migJittJZ-scnpm
1224 1149 1578 1231 antiphona
1607 1150 1876 1213 dicenda
1905 1160 1999 1212 est
2028 1151 2098 1213 in
2131 1152 2407 1232 vesperis
2449 1162 2844 1214 sanctorum
2911 1153 3077 1216 Gre-

615 1240 810 1322 gomj,
840 1239 901 1300 A
915 1238 1193 1319 mbrosij,
1222 1237 1606 1320 Augustini,
1636 1248 1700 1299 et
1730 1237 2133 1318 Hieronymi.

757 1325 1156 1406 Antiphona.
1250 1324 1312 1388 O
1346 1325 1581 1387 doctor
1610 1326 1883 1406 optime,
1913 1324 2185 1387 ecclesie
2220 1335 2446 1387 sancte
2480 1324 2717 1388 lumen
2746 1326 2962 1390 beate
2990 1329 3079 1391 N.

625 1415 851 1477 diuine
884 1413 1048 1494 legis
1079 1422 1354 1487 amator,
1386 1413 1740 1494 deprecare
1787 1433 1906 1494 pro
1940 1412 2131 1475 nobis
2163 1411 2369 1474 filium
2404 1413 2532 1476 dei.

1103 1546 1169 1616 (I
1221 1539 1570 1604 Commune
1597 1541 1976 1621 consesson‘s
2004 1562 2128 1602 non
2147 1539 2487 1621 pontifex.2

1275 1658 1341 1728 (Ι
1375 1652 1433 1713 Α
1444 1652 1496 1713 α’
1520 1653 1920 1714 matutinum
1964 1652 2436 1714 inuitaton'um.

758 1767 1013 1848 Regem
1049 1764 1498 1827 confessorum
1534 1764 1878 1826 dominum
1912 1764 2134 1826 venite
2165 1763 2538 1826 adoremuS.

1666 1876 1989 1956 Hymnus.

712 1990 847 2052 Esu
882 2008 1124 2051 corona
1157 1988 1406 2060 celsior,
1442 1988 1528 2049 Et
1567 1988 1811 2050 veritas
1835 1987 2212 2050 sublimior:
2245 1986 2379 2069 Qui
2405 1986 2762 2050 confitenti
2785 1990 3075 2052 seruulo

742 2077 996 2140 Reddis
1030 2095 1315 2157 perennc
1349 2075 1695 2157 premium.

760 2164 868 2226 Da
917 2162 1315 2245 supplicanti
1378 2162 1549 2224 cetui
1615 2161 1919 2225 Obtentu
1981 2162 2175 2224 huius
2235 2161 2472 2244 optimi
2540 2161 3067 2226 Remissionem

626 2251 994 2324 criminum,
1031 2249 1435 2331 Rumpendo
1469 2269 1721 2311 nexum
1754 2249 2015 2312 vinculi.

758 2338 942 2401 Anni
969 2357 1229 2399 recurso
1249 2346 1549 2418 tempore
1585 2336 1749 2398 Dies
1780 2336 2000 2399 illuxit
2033 2336 2298 2412 lumine,
2324 2335 2479 2418 Quo
2503 2344 2787 2398 sanctus
2823 2336 2943 2399 hic
2975 2338 3065 2400 de

625 2446 897 2507 corpore
926 2425 1158 2487 Polum
1187 2422 1454 2505 migrat³
1481 2433 1851 2505 prepotens,

759 2511 1042 2574 Proinde
1096 2521 1161 2572 te
1216 2511 1509 2592 pijssime
1561 2511 1917 2573 Precamur
1967 2530 2202 2572 omnes
2250 2508 2596 2591 supplices
2692 2510 2797 2572 Vt
2853 2512 3065 2574 huius

625 2600 781 2663 almi
815 2601 1028 2681 gratia
1064 2599 1276 2661 Nobis
1308 2598 1605 2661 remittas
1635 2597 1880 2661 debita.

757 2687 983 2751 Gloria
1055 2686 1222 2768 patri
1284 2686 1580 2760 dominc,
1641 2684 1868 2747 Gloria
1927 2684 2291 2766 vnigenito,
2351 2683 2507 2746 Vna
2566 2704 2723 2747 cum
2806 2700 3061 2748 sancto

627 2776 876 2858 Spiritu
911 2774 986 2836 In
1020 2775 1421 2855 sempiterna
1453 2770 1690 2835 secula.
1767 2772 2010 2835 Amen.

754 2862 814 2923 A
826 2860 1149 2942 ntzplzona.
1200 2858 1524 2923 Similabo
1553 2880 1707 2922 eum
1740 2860 1882 2921 viro
1914 2858 2214 2941 sapienti,
2248 2857 2361 2939 qui
2392 2857 2730 2921 edificauit
2753 2860 3058 2923 domum

627 2970 815 3012 suam
850 2949 1075 3030 supra*
1107 2957 1382 3030 petram.

1155 3084 1377 3146 Tertia
1407 3083 1617 3145 lectio:
1690 3103 1898 3144 sermo
1925 3082 2140 3144 sancti
2163 3080 2509 3143 Bemardi.

629 3198 1031 3331 GAudete
1067 3199 1130 3259 in
1163 3196 1440 3258 domino
1471 3194 1881 3257 dilectissimi
1914 3194 2026 3276 qui
2062 3194 2233 3255 inter
2263 3194 2578 3255 continua
2610 3212 2727 3256 sue
2765 3194 3061 3276 pietatis

790 3283 1407 3347 beneficiaindulsit
1448 3283 1714 3344 beatum
1753 3282 1833 3343 N.
1869 3280 2144 3344 munda⁵
2176 3282 2360 3342 cuius
2393 3279 2582 3343 multi
2613 3281 3061 3347 salnai-entur

624 3373 958 3455 exemplo
1084 3372 1331 3433 Iterum
1407 3370 1556 3433 dico
1632 3370 1939 3451 gaudete,
2022 3369 2199 3450 quod
2277 3367 2578 3429 sublatus
2649 3368 2735 3429 de
2807 3373 3053 3433 medio

624 3457 1105 3543 appropriauit⁶
1141 3458 1306 3529 De0,
1339 3466 1410 3519 vt
1444 3455 1655 3519 multo
1690 3456 1906 3538 plures
1955 3455 2097 3516 eius
2152 3455 2617 3517 intercessione
2671 3454 3060 3522 saluentur.

632 3548 856 3610 Habet
889 3568 976 3609 ex
1010 3544 1409 3620 hominibuS,
1439 3545 1540 3606 cui
1575 3543 1920 3605 hominum
1958 3553 2231 3625 peccata
2264 3538 2494 3603 donet⁷
2527 3542 2932 3619 misericorS,
2982 3557 3054 3609 et

626 3636 970 3698 miserator
1000 3633 1327 3695 dominus,
1424 3631 1652 3693 Habet
1684 3638 1970 3711 tempuS,
2004 3639 2070 3690 et
2105 3629 2320 3692 locum
2356 3629 2809 3692 intercedendi
2873 3634 3052 3714 pius,

624 3733 690 3785 et
734 3722 1102 3783 misericors
1156 3719 1540 3794 aduocatuS,
1589 3728 1656 3780 et
1706 3718 1975 3798 quidem
2030 3716 2247 3778 locum
2298 3716 2596 3796 quietum
2648 3724 2717 3778 et
2769 3727 3061 3803 tempus

626 3806 974 3871 feriatum.⁸
1067 3807 1142 3869 In
1179 3806 1366 3868 terris
1396 3805 1576 3867 visus
1607 3814 1725 3880 est,
1756 3814 1828 3866 vt
1859 3814 2032 3866 esset
2064 3803 2398 3885 exempIO,
2430 3802 2494 3864 in
2528 3801 2746 3865 celum
2777 3803 3059 3871 leuatus

624 3906 763 3958 est:
793 3906 864 3958 vt
898 3896 980 3957 sit
1015 3894 1397 3975 patrocinio.
1495 3892 1624 3953 Hic
1658 3891 2042 3954 informauit
2073 3890 2160 3953 ad
2191 3890 2418 3965 vitam,
2465 3889 2595 3951 illic
2653 3891 2913 3957 inuitat
2964 3899 3052 3959 ad

624 3983 922 4065 gloriam.
1016 3982 1260 4043 Factus
1291 3990 1393 4041 est
1427 3979 1753 4041 mediator
1778 3979 1862 4040 ad
1895 3997 2190 4057 regnum,
2240 3978 2352 4057 qui
2404 3977 2526 4039 suit
2582 3978 2922 4044 inuitator
2968 3985 3055 4047 ad

624 4090 807 4153 opus
931 4068 1156 4130 Bonus
1212 4067 1555 4141 mediator,
1601 4066 1713 4146 qui
1770 4064 1893 4127 sibi
1952 4066 2082 4127 iam
2120 4062 2465 4145 postulans
2499 4064 2683 4141 nihil,
2717 4075 2954 4132 totum
2992 4073 3053 4134 in

624 4178 745 4220 nos
780 4155 1130 4220 transferre
1162 4155 1495 4218 desiderat
1525 4162 1594 4215 et
1625 4151 2061 4235 supplicantis
2094 4149 2407 4213 affectum
2432 4161 2499 4213 et
2524 4152 3061 4235 supplicationis

716 4283 732 4314 ¹
770 4283 983 4333 meruit:
1020 4282 1097 4331 60.
2051 4275 2074 4306 2
2109 4277 2390 4342 pontificis:
2429 4277 2505 4341 38.
2538 4285 2638 4328 etc.

716 4349 737 4378 ³
779 4350 918 4397 Thus
939 4351 1042 4396 also
1060 4346 1443 4461 gg'etcmigmust
1468 4365 1480 4395 ε
1519 4358 1594 4409 39.
1625 4354 1719 4395 etc.
2055 4342 2076 4371 ⁴
2109 4359 2286 4407 super:
2325 4342 2401 4405 38.

716 4414 737 4443 ³
768 4413 990 4463 mundo:
1028 4425 1056 4475 3
2052 4406 2073 4437 ⁶
2105 4409 2454 4473 appropiauit:
2494 4408 2570 4471 38.
2603 4418 2705 4461 etc.

713 4479 734 4511 ⁷
767 4480 962 4529 donec:
1000 4478 1076 4541 38.
2052 4471 2073 4502 ⁸
2106 4473 2372 4523 feriarum:
2409 4472 2486 4535 38.
