3293 5225
540 364 638 415 340
950 352 1044 402 SS.
1082 352 1173 402 DI
1176 352 1282 402 ΟΝ
1288 353 1405 402 YSI
1406 353 1509 413 US,
1547 353 1695 404 RUS
1702 353 1784 403 Tl
1782 354 1826 404 C
1830 354 1922 404 US
1922 389 1935 412 ‚
1974 353 2127 403 ELE
2136 353 2241 404 UT
2233 353 2431 403 HERI
2436 354 2538 405 US.
2694 353 2840 414 [Oct.
2872 364 2912 414 9.

541 505 845 588 pontifex
884 516 1322 582 consecratur,
1354 505 1556 589 pallio
1587 516 1892 571 vteretur.
1985 507 2306 583 Preterea‚
2338 517 2410 570 vt
2454 507 2688 569 diebus
2732 505 2916 568 solen-

539 593 736 656 nibus
784 592 1010 656 statim
1062 604 1214 676 post
1264 593 1689 675 euangelium
1743 594 2141 676 Symbolum
2192 595 2384 657 iuxta
2434 595 2921 656 declarationem

543 679 779 742 Niceni
841 680 1099 762 concilij
1164 702 1204 743 a
1264 681 1439 745 clero
1497 691 1566 744 et
1628 680 1878 764 populo
1938 701 2185 764 magna
2244 701 2406 743 voce
2466 681 2922 750 decantaretur,

541 767 732 830 Duas
777 766 1092 830 ecclesias
1153 769 1370 831 Rome
1429 767 1748 841 condidit,
1809 788 2009 830 vnam
2072 769 2179 830 via
2232 767 2622 844 Ardeatina,
2672 766 2925 830 alteram

541 855 716 917 intra
760 855 1008 918 vrbem.
1099 853 1287 937 Quas
1334 854 1820 919 Constantinus
1866 854 2129 936 magnis
2175 855 2558 918 muneribus
2602 850 2927 927 exorauit,¹

533 950 605 1002 et
682 943 890 1006 auxit.
1024 943 1369 1005 Postremo
1443 962 1594 1004 cum
1671 962 1759 1005 ex
1836 943 2037 1004 sacris
2110 940 2477 1005 ordinibus²
2537 940 2665 1004 bis³
2725 959 2929 1003 mense

532 1027 874 1090 decembri
921 1028 1183 1104 habitiS,
1229 1028 1654 1110 presbyteros
1697 1051 1881 1092 .xxv.
1912 1027 2260 1102 diaconesl·
2291 1030 2393 1093 ‚vi.
2423 1031 2773 1111 episcopos
2802 1027 2931 1107 xiij.

539 1124 842 1188 creasset,
874 1117 1151 1178 moritur
1181 1135 1258 1177 ac
1293 1118 1357 1178 in
1391 1117 1748 1179 cemeterio
1795 1115 2073 1178 Balbine
2105 1116 2438 1198 sepelitur,
2469 1136 2620 1179 cum
2672 1115 2930 1178 sedisset

530 1220 752 1264 annos
782 1201 863 1283 .ij.
898 1221 1159 1265 menses
1191 1202 1337 1285 xiij.
1370 1203 1513 1266 dies
1544 1203 1799 1285 viginti.

1621 1363 1868 1429 Oratio,

557 1527 562 1532 .
681 1473 908 1536 Xaudi
970 1474 1239 1537 domine
1286 1495 1513 1557 preces
1560 1475 1880 1539 nostras⁴z
1945 1473 2397 1537 intercedente
2460 1474 2667 1538 beato
2718 1474 2935 1537 Marco

707 1560 1081 1709 cogfeossore
1114 1572 1248 1638 tu0,
1266 1572 1468 1643 atque
1492 1561 1786 1646 pontice⁵
1810 1561 2329 1644 supplicationes
2350 1573 2613 1625 nostras
2646 1560 2937 1645 placatus

530 1647 784 1710 interce
835 1669 887 1710 e.
1000 1650 1138 1713 Per.

728 1798 1101 1877 Dionysius,
1130 1795 1480 1874 Rusticus-,⁷
1510 1797 1575 1860 E
1576 1798 1928 1861 leutherius
1958 1809 2289 1879 martyres.
2379 1798 2593 1862 Lectio
2621 1797 2765 1875 ‚2'2'728

547 1911 1006 2040 Dlonysius
1052 1911 1266 1993 patria
1302 1909 1737 1973 Atheniensis
1782 1911 1881 1973 vir
1926 1912 2231 1993 patritius
2276 1921 2343 1974 et
2388 1913 2778 1993 areopagita
2820 1927 2941 1991 quo

721 1997 988 2060 nomine
1035 1997 1209 2059 illius
1252 1997 1541 2060 ciuitatis
1587 2007 1927 2061 senatores
1973 1996 2503 2081 appellabantur,
2546 1997 2832 2061 traditur
2871 2014 2941 2056 eo

532 2085 666 2160 die,
696 2105 832 2166 quo
862 2084 1144 2147 christus
1174 2083 1530 2147 crucifixus
1559 2093 1678 2159 est,
1710 2083 2178 2147 animaduerso
2208 2083 2367 2147 solis
2399 2094 2618 2167 preter
2649 2086 2939 2148 ordinem

541 2181 777 2235 nature
822 2170 1103 2246 defectu,
1155 2191 1305 2234 cum
1360 2182 1534 2234 esset
1587 2173 1686 2233 vir
1736 2171 2071 2235 excellens
2125 2173 2309 2235 omni
2362 2171 2685 2248 doctrina,
2732 2189 2943 2234 coram

542 2258 772 2322 multis
803 2257 1238 2333 exclamasse,
1269 2258 1413 2321 Aut
1444 2259 1608 2321 deus
1656 2269 1890 2321 nature
1922 2261 2190 2340 patitur,
2220 2269 2339 2321 aut
2368 2259 2600 2322 mundi
2649 2257 2946 2321 machina

539 2345 945 2409 dissoluitur.
1064 2344 1235 2409 Cum
1298 2353 1520 2407 autem
1571 2346 1809 2426 paulus
1854 2346 2165 2409 Athenas
2226 2346 2556 2409 venisset:
2602 2355 2671 2409 et
2718 2348 2945 2410 ductus

540 2443 718 2496 esset
766 2433 830 2494 in
882 2432 1334 2514 Areopagum,
1363 2443 1435 2495 vt
1481 2433 1805 2494 rationem
1851 2434 1993 2496 eius
2037 2432 2338 2495 doctrine
2383 2432 2706 2504 redderet,
2756 2449 2945 2515 quam

545 2519 954 2603 predicabat,
982 2519 1048 2581 in
1083 2517 1305 2582 medio
1335 2527 1605 2582 senatus
1653 2518 2039 2582 mirabiliter
2068 2519 2154 2582 de
2184 2539 2340 2582 vera
2372 2521 2622 2603 pietate
2652 2531 2723 2585 et
2755 2538 2949 2581 resur-

548 2609 839 2671 rectione
871 2606 1094 2670 christi
1126 2627 1204 2669 ac
1238 2615 1649 2669 mortuorum
1690 2607 1997 2670 disseruit
2046 2605 2200 2690 Qua
2244 2608 2546 2671 oratione
2576 2628 2730 2671 curn
2779 2606 2952 2678 alim,

549 2707 692 2759 tum
728 2695 1028 2777 inprimis
1063 2693 1464 2774 Dionysium
1498 2696 1844 2770 conuertit,
1875 2715 2163 2776 eumque
2194 2697 2540 2758 constituit
2570 2696 2949 2778 episcopum

551 2783 985 2845 Atheniensis
1013 2780 1307 2855 ecclesie,
1341 2780 1582 2843 Postea
1597 2802 1756 2844 vero
1786 2801 1936 2844 cum
1974 2783 2263 2844 Romam
2289 2783 2579 2860 venisset
2601 2782 2956 2865 Dionysius

553 2879 625 2932 vt
657 2879 917 2952 petrum
944 2868 1194 2930 videret
1241 2876 1309 2929 et
1340 2867 1633 2950 paulum,
1662 2888 1831 2949 quos
1876 2869 2176 2933 audierat
2223 2871 2288 2931 in
2320 2869 2586 2933 vincula
2631 2869 2956 2931 coniectos

554 2977 716 3033 esse,
745 2956 1088 3037 aliquanto
1120 2964 1273 3037 post
1318 2963 1618 3037 tempore
1650 2956 1888 3017 missus
1932 2965 2035 3019 est
2080 2977 2121 3018 a
2167 2956 2516 3020 Clemente
2561 2958 2627 3018 in
2675 2953 2956 3020 Galliam

557 3043 642 3106 ad
677 3043 1155 3125 predicandum
1180 3040 1620 3123 euangelium,
1639 3061 1840 3123 quem
1872 3044 2133 3123 sequuti
2164 3052 2321 3105 sunt
2356 3043 2668 3107 Rusticus
2696 3040 2957 3125 presby·

559 3141 677 3205 ter,
707 3140 774 3192 et
823 3128 1245 3192 Eleutherius
1289 3127 1625 3204 diaconuS,
1656 3149 1863 3210 vsque
1911 3129 1995 3191 ad
2043 3129 2271 3192 vrbem
2323 3131 2743 3193 Parisiorum.
2835 3126 2959 3190 Vbi

558 3237 713 3280 cum
748 3217 995 3279 multos
1024 3216 1109 3278 ad
1142 3214 1342 3278 fidem
1374 3214 1598 3277 christi
1631 3216 2086 3293 conuenisset,
2115 3218 2183 3278 in
2217 3218 2672 3299 persecutione
2703 3216 2963 3279 Domit-

558 3304 697 3367 iani
745 3304 921 3385 capti
972 3301 1338 3383 Dionysius
1384 3312 1452 3365 et
1497 3302 1657 3383 socij
1705 3323 1746 3365 a
1794 3303 2161 3366 Fescenino
2208 3302 2503 3386 prefecto
2548 3303 2970 3366 vehementer

565 3391 723 3453 loris
755 3389 1070 3473 flagellati
1096 3399 1269 3453 sunt.
1362 3387 1495 3451 Sed
1529 3409 1682 3451 cum
1717 3410 1849 3452 non
1898 3400 2171 3472 possent
2215 3392 2481 3453 auocari
2528 3412 2569 3453 a
2612 3391 2966 3453 christiana

568 3480 832 3561 pietate,
895 3477 1213 3559 postridie
1266 3476 1612 3557 dionysius
1666 3476 1731 3540 in
1786 3477 2099 3540 craticula
2152 3477 2361 3540 ferrea
2422 3478 2576 3560 igne
2628 3477 2968 3560 supposito

564 3566 946 3647 imponitur,
976 3574 1044 3626 et
1076 3563 1300 3625 multis
1330 3561 1572 3626 deinde
1604 3563 1945 3646 supplicijs
1974 3564 2273 3628 afficitur.
2363 3563 2625 3647 Quibus
2654 3562 2972 3646 superatis

570 3653 745 3715 idem
784 3650 1149 3731 Dionysius
1180 3670 1301 3713 xe.
1331 3652 1529 3713 etatis
1558 3670 1677 3712 sue
1724 3671 1900 3713 anno
1930 3671 2082 3714 cum
2116 3651 2313 3732 socijs
2343 3652 2645 3714 similiter
2673 3647 2970 3714 cruciatis

571 3740 789 3820 capite
835 3747 1180 3801 truncatur
1208 3736 1332 3816 ,vij.
1367 3738 1515 3800 idus
1540 3735 1869 3801 Octobris
1962 3737 2097 3821 Qui
2147 3738 2489 3801 Dionisius
2534 3758 2727 3800 suum
2773 3743 2969 3820 caput

571 3825 929 3899 sustulisse,
959 3835 1027 3887 et
1058 3823 1365 3887 manibus
1397 3845 1513 3906 per
1557 3823 1832 3906 longum
1865 3826 2159 3908 spacium
2210 3835 2508 3908 portasse
2554 3839 2969 3888 memoratur.

575 3911 854 3995 Scripsit
884 3922 1108 3974 autem
1143 3910 1426 3974 mirabili
1470 3912 1763 3991 quadam
1795 3913 2098 3975 doctrina
2128 3912 2367 3975 librum
2414 3913 2500 3975 de
2544 3911 2770 3975 celesti
2815 3912 2971 3974 hier-

574 4000 814 4073 archia,
876 4009 944 4061 et
1000 3998 1282 4061 alterum
1344 3996 1430 4061 de
1488 3998 1734 4061 diuinis
1794 4000 2192 4062 nominibus,
2316 3999 2487 4062 Item
2547 4001 2633 4063 de
2695 3998 2970 4080 mystica

564 4086 929 4167 .theologia,
962 4095 1029 4148 et
1059 4083 1189 4147 alia
1221 4085 1557 4149 nonnulla.

671 4220 688 4251 ¹
725 4220 1016 4271 exomauit:
1054 4233 1131 4284 38.
1161 4227 1254 4270 etc.
1874 4218 1898 4251 2
1929 4220 2358 4271 ordinationibus:
2394 4234 2471 4285 39.
2503 4234 2582 4283 41.

672 4285 1060 4348 ³his239.44
1880 4284 2397 4349 ⁴et=add39.etc.

673 4350 694 4382 ¹⁵
726 4351 993 4417 pontifice:
1030 4349 1107 4413 38.
1134 4357 1229 4402 etc.
1876 4348 1897 4382 ⁸
1928 4351 2137 4428 intende
2153 4370 2166 4401 ε
2203 4351 2281 4415 38.
2307 4360 2400 4402 etc.

675 4416 695 4449 ⁷
727 4425 806 4466 et:
837 4418 949 4466 add.
980 4429 1057 4479 39.
1084 4428 1164 4478 41.
1877 4414 1900 4447 ⁸
1930 4416 2014 4467 die
2034 4430 2081 4479 9.
2113 4434 2171 4466 m
2194 4433 2260 4467 m.
