3293 5225
500 434 664 483 ”lxviii
1282 433 1387 484 RE
1392 434 1437 482 G
1444 433 1587 483 ULA
1592 434 1645 481 E
1705 433 2170 482 GENERALES.

513 598 649 650 aut·
670 609 891 651 eorum
922 588 1179 663 octauis,
1211 608 1332 668 que
1357 587 1766 650 continentur
1794 586 1865 647 in
1897 586 2291 662 dominicali,
2320 586 2478 668 quia
2516 586 2585 648 in
2622 585 2942 667 predictis

456 691 465 701 ·
517 674 749 741 diebus
794 676 924 737 alie
967 686 1124 738 sunt
1174 676 1361 737 tertie
1413 673 1702 737 lectiones
1749 674 2099 755 assignate,
2129 685 2203 735 vt
2249 674 2391 736 suis
2419 673 2571 735 locis
2599 671 2941 734 videbitur.

525 761 696 825 Item
729 763 1084 825 omittenda
1114 772 1271 824 sunt
1316 760 1519 843 officia
1547 762 1881 841 festorum
1932 761 2324 842 simplicium
2377 760 2839 823 occurrentium
2872 759 2942 820 in

514 849 833 930 predictis
903 849 1214 913 omnibus⁴
1258 849 1496 924 diebus,
1555 859 1977 929 preterquam
2039 849 2109 910 in
2150 848 2360 928 serijs
2432 847 2767 910 aduentus.
2860 846 2916 908 S
2920 845 2952 906 i

526 936 675 1017 quis
726 946 941 999 tamen
1001 936 1480 998 extraordinate
1535 934 1812 998 voluerit
1868 935 2066 998 etiam
2129 936 2332 1016 legere
2406 934 2729 997 lectionem
2773 932 2948 1011 festi

518 1023 857 1111 simplicis„
878 1023 1221 1104 presertim
1252 1044 1395 1086 cum
1412 1023 1634 1103 suerit
1645 1023 1924 1105 propria
1953 1022 2610 1101 laudabilitersaciet.

1598 1252 1916 1321 NONA.¹

1031 1398 1098 1470 ΙΙ
1147 1392 1503 1475 Quomodo
1533 1392 1816 1457 dicende
1847 1393 2005 1457 sint2
2036 1395 2418 1477 antiphone.

668 1539 735 1609 ΙΙ
780 1533 1165 1596 Notandum
1217 1533 1393 1615 quod
1444 1534 1943 1615 quandocunque
1987 1535 2343 1597 celebratur
2384 1534 2641 1612 festum
2703 1531 2952 1614 duplex,

535 1631 657 1683 aut
685 1630 910 1683 octaua
938 1621 1184 1701 duplex,
1217 1622 1367 1682 item
1398 1642 1442 1681 a
1472 1621 1794 1683 dominica
1838 1621 1918 1683 de
1947 1622 2250 1702 passione
2300 1642 2497 1702 vsque
2539 1621 2636 1683 ad
2675 1619 2952 1695 Pascha,

533 1718 597 1771 et
622 1708 823 1771 etiam
855 1708 923 1769 in
965 1706 1160 1788 officio
1188 1707 1650 1787 defunctorum,
1679 1708 2024 1789 antiphone
2050 1709 2146 1770 ad
2171 1709 2588 1785 matutinum,
2617 1707 2842 1770 laudes
2892 1716 2955 1768 et

538 1806 832 1875 vesperas
881 1795 1192 1857 dicuntur
1253 1794 1498 1875 integre
1557 1796 1626 1857 in
1674 1796 1998 1876 principio
2042 1806 2194 1858 ante
2242 1796 2542 1877 psalmos,
2585 1793 2672 1857 et³
2726 1794 2956 1857 deinde

542 1892 919 1963 repetuntur
959 1883 1155 1944 etiam
1221 1881 1467 1962 integre
1508 1882 1737 1963 finitis
1781 1883 2081 1964 psalmis:
2175 1884 2217 1946 I
2214 1905 2255 1945 n
2308 1883 2464 1964 aliis
2513 1892 2730 1945 autem
2777 1880 2958 1943 horis

540 1969 889 2050 antiphone
919 1969 1348 2050 incipiuntur*
1376 1978 1633 2031 tantum
1668 1971 1736 2032 in
1753 1970 2078 2051 principio
2103 1982 2273 2053 „ante
2305 1970 2611 2051 psalmos,
2642 1978 2705 2031 et
2735 1978 2955 2049 postea

525 2056 756 2137 finitis
807 2057 1092 2137 psalmis
1159 2056 1469 2118 dicuntur
1528 2056 1776 2138 integre
1795 2081 1819 2120 .·
1881 2057 1978 2119 Et
2035 2058 2246 2120 eodem
2311 2058 2494 2119 modo
2556 2057 2962 2137 incipiuntur

544 2152 803 2205 tantum
859 2144 928 2205 in
983 2143 1323 2225 principio,
1370 2152 1433 2205 et
1474 2144 1788 2205 dicuntur
1829 2145 2076 2226 integre
2128 2146 2198 2207 in
2231 2145 2376 2227 fine
2409 2145 2836 2225 psalmorum,
2885 2143 2955 2203 in

542 2229 840 2291 omnibus
890 2229 1070 2292 horis
1119 2230 1376 2311 quando
1402 2229 1500 2311 fit
1544 2230 1816 2311 officium
1850 2232 1928 2293 de
1974 2232 2312 2303 dominica,
2342 2252 2453 2293 sen
2498 2231 2577 2293 de
2607 2230 2796 2311 seria
2840 2240 2960 2291 aut

527 2318 704 2397 sesto
761 2317 1058 2398 simplici,
1105 2318 1211 2379 vel
1262 2317 1340 2379 de
1398 2318 1730 2380 communi
1791 2319 1965 2381 beate
2042 2318 2104 2381 V
2099 2318 2362 2400 irgy·n2·s⁵
2424 2319 2493 2380 in
2552 2317 2854 2391 sabbatis,
2900 2326 2962 2378 et

544 2404 742 2466 etiam
794 2404 1005 2485 infra⁶
1064 2414 1338 2478 octauas,
1369 2413 1788 2486 preterquum
1839 2406 1909 2467 in
1956 2406 2095 2486 ipsa
2140 2406 2243 2468 die
2286 2416 2526 2477 octaua,
2556 2425 2677 2487 que
2717 2414 2965 2484 semper

516 2500 638 2553 'est
684 2492 931 2572 duplex,
960 2501 1206 2571 excepta
1250 2491 1356 2553 die
1398 2501 1623 2553 octaua
1671 2493 2074 2567 ascensionis,
2103 2493 2260 2574 quia
2308 2514 2432 2555 non
2464 2493 2720 2575 finitur
2764 2492 2834 2553 in
2886 2512 2960 2553 ea

539 2577 823 2665 officium
855 2578 1259 2653 ascensionis,
1290 2588 1363 2641 vt
1392 2578 1489 2641 ibi
1513 2576 1854 2644 videbitur.
1929 2574 1934 2580 ’

1545 2803 1974 2869 DECIMA.7

1481 2927 1566 3020 ΙΙ
1598 2943 1704 3006 De
1737 2941 2036 3007 ratione.⁸

685 3076 752 3146 {I
799 3071 1185 3134 Notandum
1246 3073 1422 3155 quod
1456 3074 1664 3135 oratio
1708 3074 2048 3154 assignata
2085 3074 2189 3135 ad
2224 3073 2488 3154 primas
2544 3082 2838 3152 vesperas
2897 3071 2966 3132 in

530 3228 540 3240 ,
552 3159 746 3235 festis
791 3158 1167 3240 duplzkz'bus,
1198 3161 1471 3223 dicenda
1515 3170 1611 3223 est
1654 3161 1748 3222 ad
1794 3181 2010 3222 omnes
2053 3159 2263 3236 hora5‚
2294 3170 2521 3241 preter
2568 3160 2876 3221 Primam
2910 3168 2971 3220 et

564 3245 1078 3326 Completorium‚
1111 3247 1247 3309 nisi
1273 3248 1343 3309 in
1372 3248 1589 3328 aliquo
1622 3250 1802 3327 festo
1853 3248 1992 3309 alia
2020 3247 2377 3328 specialiter
2401 3247 2785 3327 assignetur.
2873 3244 2971 3307 Et

556 3333 869 3396 similiter
913 3333 1183 3396 dicenda
1228 3343 1323 3397 est
1372 3335 1579 3396 oratio
1626 3336 1966 3415 assignata
2011 3335 2108 3397 ad
2143 3334 2368 3396 laudes
2411 3334 2481 3396 in
2527 3333 2868 3395 dominicis
2909 3341 2973 3395 et

543 3420 769 3500 seriis,
816 3420 965 3481 item
1013 3421 1083 3482 in
1121 3421 1325 3500 festis
1371 3421 1781 3502 simplicibus,
1811 3432 1875 3483 et
1917 3422 1987 3483 in
2031 3422 2360 3484 communi
2399 3421 2572 3483 beate
2634 3420 2691 3483 V
2691 3417 2972 3501 irgint's.⁹

560 3506 951 3569 Notandum
999 3507 1197 3569 etiam
1250 3509 1426 3589 quod
1461 3518 1614 3570 ante
1657 3510 2007 3571 orationem
2060 3511 2200 3571 siue
2227 3509 2490 3571 dicatur
2519 3508 2978 3589 principaliter

526 3592 701 3655 ·siue
783 3605 908 3674 per
1007 3595 1666 3658 commemorationem
1778 3606 2026 3677 semper
2093 3595 2512 3676 premittitur
2619 3590 2975 3668 Oremu5‚¹⁰

528 3689 965 3764 preterquam
1012 3683 1081 3743 in
1126 3681 1540 3756 orationibus,
1585 3703 1706 3763 que
1763 3683 2074 3744 dicuntur
2117 3683 2185 3744 in
2238 3682 2495 3756 litania,
2538 3691 2600 3744 et
2666 3682 2734 3744 in
2779 3679 2975 3762 officio

535 3766 1022 3846 defunctorum,
1066 3769 1223 3850 quia
1283 3779 1436 3831 tunc
1475 3779 1626 3832 ante
1654 3771 1951 3852 primam
2006 3779 2260 3832 tantum
2321 3770 2673 3833 orationem
2734 3768 2979 3830 dicitur

541 3851 925 3930 OremuS,¹⁰
953 3866 1014 3916 et
1043 3876 1167 3917 non
1200 3856 1269 3917 in
1300 3854 1520 3936 alzjsssl

660 3987 677 4019 ¹
714 3990 940 4054 Regula:
974 3992 1084 4039 add.
1115 4003 1197 4054 43.
1225 3991 1306 4041 60.
1335 3992 1414 4042 61.
1442 3992 1522 4055 63.
1551 3992 1632 4053 64.
1661 3992 1740 4043 66.

599 4053 607 4063 '
651 4053 681 4084 ⁴²
713 4065 858 4105 sunt:
896 4056 976 4119 63.
1877 4056 1899 4087 ³
1929 4075 2022 4106 om.
2051 4057 2130 4108 66.

536 4144 545 4151 -
612 4143 617 4150 ·
713 4121 987 4185 incipiunt:
1024 4121 1103 4182 64.
1893 4122 1913 4152 ⁵
1951 4124 2140 4173 Marie:
2179 4136 2256 4186 39.
2284 4137 2364 4184 41.

645 4182 683 4215 ‘⁶
715 4186 876 4235 intra:
913 4198 993 4248 43.
1023 4187 1102 4235 66.
1887 4186 1908 4220 ⁷
1944 4190 2171 4253 Regula:
2208 4191 2319 4237 add.
2347 4202 2428 4252 43.
2456 4188 2536 4237 60.
2565 4188 2644 4252 61.
2673 4187 2752 4250 63.
2781 4187 2859 4248 64.
2890 4186 2969 4235 66.

648 4249 683 4282 ³⁸
724 4252 864 4300 Thus
884 4253 987 4300 also
1010 4251 1092 4314 38:
1145 4251 1401 4302 oratione:
1440 4266 1517 4316 39.
1548 4262 1641 4302 etc.
1889 4253 1911 4284 ⁹
1945 4255 2142 4304 Marie:
2180 4267 2260 4317 39.
2286 4268 2366 4315 41.
2638 4267 2642 4271 ·

659 4313 701 4345 1ο
866 4317 877 4327 ·
996 4336 1007 4347 .

663 4379 698 4411 ¹¹
725 4317 1016 4431 8331οέξῶ
1036 4329 1341 4447 ἒῑῗὲῐέιᾷιιοᾶ
1357 4384 1407 4433 in
1422 4385 1979 4435 commemorationibus
1991 4384 2076 4433 vbi
2093 4386 2259 4449 plures
2270 4385 2501 4434 dicuntur
2514 4384 2763 4433 orationes
2782 4402 2794 4433 ε
2815 4383 2866 4431 in
2882 4382 2980 4432 fine

561 4446 933 4512 precedentium
957 4448 1137 4497 dicitur
1184 4450 1285 4497 Per
1309 4451 1568 4500 Christum
1592 4452 1852 4500 dominum
1877 4458 2118 4499 nostr-um.
2148 4452 2327 4500 Amen.
2337 4460 2386 4499 et
2409 4450 2534 4499 nihil
2567 4449 2719 4499 aliud.
2792 4448 2893 4499 Sed
2929 4447 2981 4496 in

558 4513 659 4563 fine
680 4512 855 4561 vltime
877 4512 1058 4562 dicitur
1078 4514 1142 4563 ad
1167 4515 1371 4579 longum
1406 4516 1507 4564 I'er
1525 4518 1802 4565 dominum.
1867 4517 2229 4565 Benedicamus
2249 4525 2297 4564 et
2311 4517 2575 4564 'Fidelium
2595 4530 2613 4563 .·
2645 4515 2757 4563 edd.
2787 4526 2865 4576 39.
2895 4525 2976 4574 41.
