3293 5225
977 472 1357 522 DOMINJCA
1404 473 1680 522 TERTIA
1732 470 2197 522 VAGANTJUM.
2727 481 2783 532 71

538 658 605 727 {I
652 649 973 733 ¹Epistola
1002 650 1215 714 Pauli
1240 651 1331 713 ad
1371 649 1952 713 Thessalonicenses
1967 648 2239 731 prima?
2326 649 2540 713 Lectio
2570 649 2656 730 ,3⁹72

505 763 723 826 Aulus
753 773 820 825 et
855 762 1167 826 Siluanus
1199 772 1266 825 et
1313 761 1713 824 Timotheus
1761 760 2036 823 ecclesie
2084 759 2784 823 Thessalonicensium

647 851 760 933 qui
792 850 1054 913 vocauit
1087 870 1205 913 vos
1237 850 1301 911 in
1335 869 1528 910 suum
1565 867 1841 929 regnum
1874 857 1940 910 et
1972 847 2269 928 gloriam.

515 943 579 1012 {1
628 937 683 1000 S
690 938 722 999 i
733 937 845 1001 lzec
876 937 1198 1000 dominica
1220 935 1655 1017 interponitur
1669 944 1820 1015 post
1832 944 2243 1017 pentecosten,
2255 945 2481 1017 preter
2492 936 2787 1016 primam

380 1034 447 1086 et
471 1025 815 1086 secundam
859 1024 1182 1087 lectionem
1229 1022 1407 1085 nilzil
1445 1023 1621 1085 vltra
1666 1021 1773 1083 lzic
1796 1043 2045 1103 ancras,
2075 1022 2233 1104 quia
2277 1032 2478 1084 cetera
2523 1024 2790 1085 dicenda

380 1121 539 1174 sunt
565 1112 643 1173 de
654 1112 832 1191 festo
861 1110 1105 1190 duplici
1126 1120 1248 1172 aut
1272 1119 1505 1173 octaua.
1530 1119 1682 1172 tunc
1709 1110 2073 1173 occurrenti.

509 1204 576 1273 {I
627 1198 681 1261 S
684 1199 713 1261 i
740 1219 887 1262 vero
916 1198 1338 1261 celebrabitur
1365 1206 1515 1259 ante
1542 1195 2097 1277 septuagesimam,
2129 1206 2282 1259 tunc
2305 1197 2794 1272 aduertena'um,

379 1286 559 1367 quod
595 1285 665 1347 in
711 1306 883 1348 anno
932 1285 1002 1347 in
1062 1306 1185 1366 quo
1243 1284 1587 1364 epiphania
1646 1284 1901 1346 domini
1955 1284 2205 1346 venerit
2262 1284 2332 1346 in
2393 1284 2498 1346 a'ie
2540 1285 2798 1348 sabbati

382 1371 655 1434 dicenda
682 1383 779 1435 est
806 1369 935 1435 lzic'³
961 1372 1157 1435 tertia
1186 1372 1380 1435 lectio.
1447 1371 1523 1433 In
1558 1369 1674 1433 illo
1705 1380 2007 1453 tempore
2038 1370 2214 1433 dixit
2244 1370 2427 1434 Iesus
2451 1371 2794 1453 discipulis

390 1459 546 1534 suiS,
574 1470 638 1522 et
664 1460 890 1523 oratio.
962 1458 1313 1521 Familiam
1346 1468 1547 1521 tuam.
1579 1478 1744 1538 quas
1774 1457 2062 1520 inuenies
2093 1457 2190 1519 in4
2206 1457 2527 1522 dominica
2556 1468 2797 1539 quarta

384 1547 790 1627 vagantium.
881 1545 963 1608 In
1009 1546 1166 1627 alifis
1208 1555 1424 1608 autem
1471 1545 1669 1607 annis
1698 1544 1958 1607 dicende
1985 1554 2142 1607 sunt
2167 1544 2275 1608 lzic
2300 1546 2495 1608 tertia
2526 1547 2702 1608 lectio
2732 1556 2796 1608 et

385 1633 594 1695 oratio
625 1633 1055 1714 infrascripte.

906 1776 970 1845 (Ι
1030 1768 1252 1831 Tertia
1281 1768 1459 1831 lectio
1487 1768 1835 1830 secundum
1867 1767 1962 1830 M
1955 1767 2290 1832 attlzeum.⁵

399 1882 529 2011 IN
572 1882 683 1944 illo
716 1893 1016 1964 tempore
1047 1880 1449 1944 ascendente
1486 1880 1634 1942 Iesu
1670 1880 1734 1941 in
1758 1879 2435 1962 nauiculam,sequuti
2458 1893 2612 1946 sunt
2643 1902 2796 1946 eum

500 1970 804 2050 discipuli
836 1970 976 2032 eius
1006 1978 1107 2031 :et
1136 1988 1288 2030 ecce
1320 1977 1542 2030 motus
1575 1986 1859 2049 magnus
1891 1966 2105 2029 factus
2124 1978 2226 2031 est
2259 1970 2325 2031 in
2370 1970 2554 2046 mari,
2586 1970 2679 2033 ita
2727 1981 2799 2034 vt

385 2056 696 2120 nauicula
726 2057 1092 2138 operiretur
1122 2054 1446 2129 fluctibuS,
1476 2068 1543 2117 et
1578 2054 1845 2136 reliqua.

1256 2175 1598 2252 Homelia†
1631 2177 1952 2260 Origenis.

403 2294 452 2422 Ι
478 2292 884 2375 Ngrediente
909 2292 1185 2354 domino
1219 2292 1281 2352 in
1318 2289 1696 2353 nauiculam
1717 2289 1926 2353 secuti
1959 2300 2116 2354 sunt
2146 2310 2299 2353 eum
2320 2291 2624 2375 discipuli
2645 2295 2801 2359 eiuS.

506 2378 687 2442 Non⁶
719 2378 1079 2442 imbecilles
1110 2378 1225 2440 sed
1276 2376 1445 2440 firmi
1477 2374 1571 2440 et⁷
1615 2377 1886 2439 stabiles
1920 2377 1984 2440 in
2034 2375 2165 2440 fide
2196 2401 2209 2441 :
2235 2381 2562 2444 mansueti
2609 2392 2677 2445 et
2708 2383 2797 2465 pij

387 2477 778 2550 spernentes
827 2467 1348 2528 mundum:non
1396 2463 1642 2546 duplici
1690 2463 1906 2541 corde,
1951 2464 2068 2527 sed
2114 2466 2414 2547 simplici.
2509 2468 2602 2530 Hi
2642 2489 2801 2552 ergo

389 2555 599 2618 secuti
632 2564 786 2618 sunt
832 2572 1006 2630 eum,
1038 2572 1168 2615 non
1220 2561 1479 2616 tantum
1529 2571 1793 2636 gressus
1838 2552 1979 2615 eius
2024 2563 2378 2634 sequentes
2404 2554 2552 2618 :sed
2588 2559 2801 2642 magis

387 2643 814 2705 sanctitatem
847 2641 988 2702 eius
1019 2640 1416 2703 comitantes
1444 2651 1544 2702 :et
1569 2639 1890 2702 iustitiam
1923 2640 2063 2702 eius
2086 2651 2436 2705 sectantes
2530 2643 2619 2706 Et
2650 2665 2802 2708 ecce

391 2738 758 2810 tempestas
814 2748 1058 2810 magna
1112 2727 1287 2790 facta
1334 2736 1436 2789 est
1490 2727 1555 2789 in
1609 2727 1793 2803 mari,
1826 2727 1918 2789 ita
1965 2736 2036 2789 vt
2086 2727 2392 2791 nauicula
2437 2732 2803 2812 operiretur

391 2815 718 2879 fluctibus,
809 2814 979 2879 Cum
1035 2814 1210 2877 enim
1265 2812 1475 2877 multa
1526 2834 1770 2896 magna
1818 2824 1886 2876 et
1940 2814 2242 2877 miranda
2296 2817 2699 2882 ostendisset
2731 2820 2798 2882 in

388 2902 891 2983 terra:transijt
937 2902 1021 2964 ad
1070 2910 1380 2964 marezvt
1409 2911 1477 2964 et
1525 2901 1772 2963 ibidem
1819 2899 2036 2963 adhuc
2081 2901 2556 2966 excellentiora
2600 2926 2803 2988 opera

392 2992 881 3053 demonstraret
904 2999 1267 3070 :quatenus
1299 2998 1469 3051 terre
1499 2988 1831 3069 marisque
1861 2988 2206 3050 dominum
2240 3010 2314 3052 se
2358 3010 2503 3052 esse
2547 2994 2802 3056 cunctis

393 3076 789 3140 ostenderet.
886 3075 1230 3156 Ingressus
1263 3095 1422 3156 ergo
1454 3074 1849 3145 nauiculam,
1878 3074 2031 3137 fecit
2063 3074 2356 3139 turbare⁸
2388 3098 2586 3155 mare,
2616 3099 2798 3143 com-

397 3164 607 3227 mouit
656 3173 908 3237 ventOS,
964 3163 1324 3225 concitauit
1384 3161 1637 3225 fluctus,
1730 3161 1865 3225 Cur
1911 3162 2038 3225 hoc
2100 3164 2251 3226 ideo
2310 3174 2382 3227 vt
2441 3165 2799 3249 discipulos

399 3251 688 3313 mitteret
744 3251 809 3312 in
863 3250 1167 3312 timorem
1222 3259 1290 3312 et
1342 3269 1533 3312 suum
1597 3246 1923 3312 auxilium
2009 3251 2419 3332 postularent
2442 3273 2799 3337 :suamque

398 3338 765 3420 potentiam
816 3334 1201 3418 rogantibus
1250 3335 1720 3399 manifestaret.
1816 3336 1970 3418 Ipsa
2018 3348 2380 3421 tempestas
2426 3359 2560 3403 non
2606 3361 2696 3403 ex
2728 3363 2800 3405 se

395 3424 632 3488 oborta
663 3433 783 3499 est,
812 3425 929 3485 sed
963 3424 1275 3504 potestati
1310 3423 1526 3505 paruit
1557 3423 1945 3505 imperantis
1974 3425 2115 3487 eius
2146 3425 2259 3507 qui
2291 3425 2539 3490 educit⁹
2566 3439 2802 3492 ventos

396 3511 483 3574 de
514 3510 837 3574 thesauris
868 3511 1181 3591 suiszqui
1228 3510 1582 3572 terminum
1623 3510 1788 3572 mari
1834 3530 2104 3574 arenam
2151 3513 2509 3576 constituit.
2604 3514 2800 3579 Dixit

400 3600 575 3661 enim
597 3599 684 3659 ei:
705 3597 939 3679 Vsque
963 3597 1092 3660 huc
1116 3595 1339 3659 venies
1363 3606 1430 3660 et
1453 3617 1583 3659 non
1604 3596 1773 3660 vltra
1794 3598 2111 3678 gradieris
2127 3600 2267 3661 :sed
2289 3600 2353 3661 in
2377 3601 2804 3683 temetipso,¹⁰

397 3683 894 3767 confringentur
925 3682 1167 3748 fluctus
1198 3683 1312 3747 tui.
1407 3684 1626 3746 Huius
1658 3704 1819 3766 ergo
1865 3684 2152 3747 iussione
2184 3694 2250 3747 et
2298 3697 2610 3769 precepto
2655 3700 2800 3754 orta

398 3782 501 3834 est
550 3781 915 3853 tempestas
965 3771 1030 3833 in
1088 3771 1272 3846 mari,
1303 3783 1573 3854 propter
1620 3771 1999 3833 occasiones
2053 3773 2351 3852 superius
2385 3787 2802 3843 memoratas

401 3860 610 3921 Facta
639 3868 741 3921 est
787 3867 1149 3939 tempestas
1196 3878 1440 3938 magna
1469 3867 1535 3920 et
1568 3878 1702 3920 non
1752 3858 2122 3938 pusillazvt
2156 3879 2474 3942 magnum
2523 3882 2692 3946 opus
2737 3876 2805 3929 et

400 3966 530 4009 non
566 3944 879 4028 pusillum
912 3945 1310 4008 ostenderet.
1400 3943 1809 4027 Quantoque
1835 3944 2072 4007 fluctus
2093 3947 2397 4010 nauicule
2429 3949 2804 4016 irruebant:

397 4043 590 4097 tanto
622 4033 834 4113 magis
864 4032 1064 4095 timor
1094 4030 1456 4114 discipulos
1485 4030 1978 4095 conturbabat¹1
2001 4042 2072 4095 vt
2105 4033 2252 4116 plus
2275 4036 2487 4119 magis
2518 4035 2810 4101 desider-

397 4130 587 4183 arent
618 4119 702 4181 ad
738 4117 1149 4182 liberandum
1184 4139 1254 4180 se
1300 4138 1416 4200 per
1463 4118 1787 4181 mirabilia
1832 4121 2197 4184 saluatoris.
2290 4121 2620 4187 Dominus
2651 4145 2808 4189 vero

399 4206 775 4270 dormiebat
809 4205 871 4269 O
906 4226 1007 4268 res
1042 4205 1359 4268 mirabilis
1389 4214 1457 4267 et
1489 4206 1821 4288 stupenda
1858 4206 1923 4269 Is
1948 4208 2059 4288 qui
2084 4227 2450 4290 numquam
2471 4210 2806 4278 obdormit

496 4336 511 4368 ¹
547 4339 672 4387 Ex:
696 4347 781 4401 pr.
809 4337 888 4400 63.
917 4337 996 4387 66.
1700 4338 1722 4369 ²
1755 4340 1939 4405 Capsi.
1970 4342 2028 4389 in
2054 4358 2118 4390 m.
2147 4342 2199 4402 [i.
2235 4342 2375 4391 1—ii.
2409 4343 2512 4404 12]

493 4404 514 4432 ³
545 4403 663 4453 hcc:
700 4416 780 4464 41.
1243 4401 1265 4433 ⁴
1295 4420 1389 4453 om.
1417 4403 1496 4454 60.
1525 4405 1603 4454 61.
2028 4404 2049 4435 ⁸
2082 4407 2156 4456 Ca
2196 4444 2207 4456 .
2237 4407 2268 4455 8
2292 4409 2350 4455 in
2373 4424 2438 4456 m.
2465 4409 2576 4458 add.
2606 4419 2684 4470 39.

492 4467 514 4497 ⁶
545 4486 639 4517 om.
669 4468 749 4517 61.
1243 4467 1264 4499 ⁷
1297 4469 1417 4519 sed:
1453 4469 1532 4519 61.
2028 4469 2049 4501 ⁸
2082 4480 2158 4520 tur
2251 4473 2302 4521 i:
2339 4484 2418 4535 39.
2446 4485 2526 4532 41.

489 4532 511 4563 ⁹
544 4534 747 4583 eduxit:
786 4546 863 4596 39.
1247 4530 1287 4563 ¹⁰
1317 4535 1614 4600 semetipso:
1652 4550 1731 4596 44.
2033 4534 2068 4565 ¹¹
2102 4537 2399 4586 conturbat:
2435 4550 2514 4600 43.
