3293 5225
497 448 589 512 196
1013 448 1303 499 DOMINI
1304 450 1393 499 CA
1443 451 1528 499 VJ.
1569 450 1763 500 POST
1786 449 1950 499 PEN
1951 450 2002 498 T
1993 450 2046 498 E
2051 450 2182 499 COS
2187 450 2238 498 T
2229 450 2354 500 EN.

923 633 991 704 (Ι
1023 627 1136 690 Ex
1160 628 1350 692 Actis
1376 625 1844 710 apostolorum}
1933 628 2145 690 Lectio
2174 629 2466 692 secunda.

510 738 745 868 POst
818 739 1110 840 quinque
1168 749 1394 803 autem
1471 740 1613 803 dies
1690 738 2034 840 descendit
2108 740 2412 822 princeps
2480 739 2900 803 sacerdotum

646 826 946 889 Anamas
1094 828 1355 909 reliquit
1390 826 1667 889 Paulum
1702 835 2013 890 Vinctum.

658 963 1005 1026 Dominica
1033 974 1213 1027 sexta
1228 973 1379 1045 post
1389 973 1783 1044 pentecosten
1814 983 1892 1025 ex
1918 962 2186 1025 Exodo.2
2273 963 2486 1026 Lectio
2501 964 2744 1045 prima.

491 1074 892 1205 Cquue
948 1076 1452 1175 interrogauerit
1503 1085 1570 1138 te
1624 1073 1795 1137 filius
1847 1083 2000 1137 tuus
2049 1095 2210 1150 craS,
2244 1074 2493 1138 Dicens
2525 1097 2538 1138 :
2570 1075 2752 1158 Quid
2802 1085 2903 1139 est

652 1161 828 1226 hoc?
975 1163 1284 1225 columna
1317 1162 1489 1244 ignis
1521 1182 1638 1243 per
1669 1170 1953 1238 noctem,
1984 1182 2205 1224 coram
2241 1162 2508 1245 popu10.

938 1305 1006 1376 (Ι
1036 1298 1149 1362 Ex
1173 1300 1335 1362 actis
1363 1298 1832 1381 apostolorum.³
1919 1300 2133 1363 Lectio
2161 1301 2453 1364 secunda.

507 1412 830 1541 FEstus
879 1431 1037 1492 ergo
1089 1431 1239 1474 cum
1292 1412 1578 1474 venisset
1626 1412 1690 1473 in
1750 1411 2159 1494 prouinciam
2216 1437 2228 1475 :
2283 1422 2436 1495 post
2480 1413 2770 1477 triduum

654 1498 816 1563 Cras
847 1498 1122 1581 (inquit)
1153 1499 1381 1561 audies
1412 1518 1582 1560 eum.

1054 1641 1122 1712 (Ι
1162 1635 1385 1699 Tertia
1414 1636 1590 1698 lectio
1618 1637 1964 1699 secundum
1994 1636 2350 1701 Marcum*

506 1748 640 1876 IN
676 1748 787 1810 illo
820 1757 1138 1830 tempore,
1168 1747 1339 1811 Cum
1373 1748 1567 1811 turba
1601 1747 1811 1810 multa
1842 1758 2016 1811 esset
2047 1769 2198 1811 cum
2237 1749 2385 1812 Iesu
2420 1770 2541 1812 nec
2582 1749 2905 1813 haberent

604 1835 782 1916 quod
835 1837 1331 1910 manducarent,
1361 1836 1743 1898 conuocatis
1796 1836 2136 1917 discipulis
2189 1837 2284 1898 ait
2332 1836 2475 1899 illis.
2588 1837 2906 1900 Misereor

488 1943 692 2006 super
711 1922 992 1997 turbam,
1012 1923 1169 2003 quia
1200 1942 1353 1984 ecce
1385 1922 1516 1984 iam
1549 1921 1771 1985 triduo
1795 1922 2126 1986 sustinent
2153 1943 2258 1986 me
2285 1943 2406 1985 nec
2438 1923 2689 1987 habent
2719 1925 2901 2006 quod

495 2008 916 2073 manducent.
1009 2009 1100 2072 Et
1131 2009 1398 2090 reliqua.

1012 2151 1080 2222 (Ι
1128 2146 1210 2208 H
1202 2145 1427 2208 omilia
1469 2145 1685 2207 sancti
1707 2146 1768 2208 A
1781 2145 2055 2228 mbrosij
2074 2146 2383 2229 Episcopi.

509 2258 1031 2388 POsteaquam
1088 2256 1199 2320 illa
1250 2278 1380 2339 que
1432 2256 1738 2320 ecclesia⁵
1791 2268 2027 2341 typum
2083 2261 2340 2342 accepit
2386 2280 2426 2321 a
2457 2258 2643 2323 fluxu
2677 2269 2906 2323 curata

643 2356 745 2409 est
794 2346 1150 2427 sanguinis
1263 2345 1708 2426 Posteaquam
1775 2345 2085 2427 Apostoli
2157 2346 2242 2408 ad
2307 2347 2903 2429 euangelizandum

496 2453 773 2515 regnum
809 2432 936 2496 Dei
967 2443 1121 2495 sunt
1155 2432 1490 2508 destinati,
1508 2432 1719 2513 gratie
1750 2432 2011 2494 celestis
2043 2431 2442 2515 impartitur⁶
2473 2434 2863 2497 alimentum
2889 2456 2905 2497 z

495 2521 613 2583 sed
668 2520 906 2602 quibus
960 2516 1401 2602 impartiatur⁷
1455 2521 1742 2581 aduerte.
1860 2519 2014 2582 Non
2063 2521 2302 2582 ociosis
2350 2541 2482 2583 non
2531 2521 2596 2583 in
2635 2521 2906 2584 ciuitate

499 2609 688 2691 quasi
743 2608 808 2670 in
862 2628 1209 2690 synagoga
1254 2605 1358 2669 vel
1406 2605 1607 2669 seculi
1657 2605 1986 2689 dignitate
2017 2607 2474 2673 residentibus,
2566 2606 2701 2672 Sed
2736 2608 2907 2671 inter

499 2695 760 2758 deserta
808 2694 1235 2777 querentibus
1285 2694 1641 2758 Christum.
1756 2692 1887 2775 Qui
1935 2695 2114 2756 enim
2178 2715 2309 2757 non
2373 2694 2722 2759 fastidiunt
2783 2696 2904 2777 ipsi

499 2784 904 2865 recipiuntur
954 2803 994 2845 a
1048 2780 1330 2857 Christo,
1378 2791 1445 2843 et
1496 2801 1649 2843 cum
1702 2782 1796 2843 eis
1850 2780 2141 2862 loquitur
2175 2782 2301 2844 Dei
2331 2784 2624 2858 verbum,
2655 2802 2788 2844 non
2821 2781 2909 2846 de

501 2869 902 2932 secularibus
925 2868 1040 2932 sed
1062 2868 1146 2931 de
1174 2869 1301 2932 Dei
1335 2888 1557 2950 regn0.
1622 2867 1713 2930 Et
1743 2869 1797 2930 si
1830 2870 1941 2951 qui
1975 2869 2335 2950 corporalis
2366 2878 2605 2951 gerunt
2634 2868 2907 2932 vulnera

503 2956 847 3040 passionis,
877 2954 1005 3018 his⁸
1051 2956 1448 3018 medicinam
1496 2975 1684 3017 suam
1733 2954 2015 3017 libenter
2059 2955 2376 3037 indulget.
2476 2955 2907 3038 Consequens

505 3046 705 3127 igitur
752 3053 892 3106 erat
945 3053 1017 3105 vt
1070 3063 1239 3124 quos
1288 3063 1326 3104 a
1357 3042 1703 3104 vulnerum
1752 3041 1979 3104 dolore
2016 3053 2367 3106 sanauerat
2412 3063 2528 3106 eos
2575 3042 2907 3123 alimonijs

501 3130 952 3214 spiritualibus
1002 3151 1041 3192 a
1090 3129 1334 3192 ieiunio
1389 3128 1711 3191 liberaret.
1836 3129 2071 3211 Itaque
2131 3150 2329 3192 nemo
2388 3131 2609 3193 cibum
2670 3130 2911 3211 accipit

504 3218 748 3283 Christi
782 3218 906 3280 nisi
939 3217 1134 3280 fuerit
1186 3226 1341 3279 ante
1394 3226 1689 3279 sanatus·
1800 3216 1890 3278 Et
1932 3216 2023 3278 illi
2073 3218 2186 3298 qui
2223 3215 2523 3280 vocatur⁹
2552 3216 2637 3279 ad
2671 3237 2904 3279 cenam

504 3305 682 3389 prius
702 3305 1003 3367 vocando
1024 3315 1356 3367 sanantur.
1450 3303 1523 3365 Si
1554 3302 1831 3365 claudus
1857 3301 2102 3366 fuerit¹⁰
2132 3304 2476 3385 gradiendi
2506 3303 2907 3380 facultatem,

501 3402 574 3455 vt
625 3394 875 3455 veniret
927 3391 1197 3473 accepit.
1312 3389 1383 3453 Si
1438 3388 1687 3452 lumine
1732 3399 1873 3453 erat
1911 3390 2209 3472 priuatus
2238 3390 2599 3467 oculorum,
2629 3390 2906 3453 domum

502 3481 729 3561 vtique
780 3479 1053 3541 Domini
1102 3478 1225 3539 nisi
1259 3476 1475 3539 refusa
1507 3477 1651 3539 luce
1684 3477 1927 3539 intrare
1959 3498 2089 3539 non
2125 3479 2360 3559 potuit.
2449 3478 2719 3559 Vbique
2749 3497 2910 3561 ergo

505 3566 798 3647 mysterij
857 3564 1020 3628 ordo
1073 3574 1371 3627 seruatur
1417 3574 1489 3625 vt
1549 3564 1730 3645 prius
1791 3585 1908 3646 per
1969 3566 2421 3627 remissionem
2485 3575 2908 3646 peccatorum

503 3653 892 3777 vulneribulsl
933 3652 1260 3714 medicina
1306 3648 1649 3724 tribuatur,
1699 3660 1930 3731 postea
1991 3651 2307 3714 alimonia
2368 3672 2597 3715 mense
2650 3651 2908 3714 celestis

502 3741 840 3804 exuberet.

1593 3848 1837 3913 Oratio.

519 3956 796 4086 DEus
826 3955 1166 4030 virtutum,
1186 3952 1369 4015 cuius
1390 3961 1490 4015 est
1516 3961 1737 4014 totum
1772 3951 2004 4034 qu0d12
2034 3954 2364 4036 optimum
2392 3954 2605 4016 insere
2628 3952 2910 4036 pectori-

685 4045 807 4105 bus
838 4041 1078 4104 nostris
1110 4060 1404 4102 amorem
1438 4040 1533 4103 tui
1566 4039 1875 4116 nominiS,
1906 4050 1970 4103 et
2004 4051 2225 4123 presta
2256 4042 2321 4102 in
2355 4041 2546 4104 nobis
2578 4041 2912 4123 religionis

601 4179 618 4210 ¹
653 4180 743 4230 Ca.
772 4192 850 4238 24.
879 4179 937 4226 in
961 4194 1025 4227 m.
1054 4176 1207 4237 [xxiv.
1242 4176 1410 4236 1-27.]
1933 4173 1956 4205 2
1988 4176 2109 4237 [xiii.
2146 4178 2345 4238 14-22.]

602 4244 623 4275 3
656 4245 744 4295 Ca.
775 4253 837 4307 25
862 4244 918 4291 in
950 4259 1014 4291 m.
1043 4242 1178 4303 [xxv.
1213 4241 1380 4301 1-22.]
1935 4239 1956 4271 ⁴
1988 4241 2113 4307 Cap.
2143 4241 2188 4291 8.
2219 4242 2278 4290 in
2301 4259 2365 4291 m.

590 4309 622 4340 ‘³
655 4309 892 4359 ecclesie:
930 4320 1007 4371 39.
1037 4316 1129 4357 etc.
1932 4303 1955 4336 ⁶
1987 4306 2299 4372 impertitur:
2338 4320 2414 4370 39.
2443 4319 2523 4367 41.
2551 4305 2632 4370 63.
2661 4305 2740 4369 64.

600 4375 621 4407 ⁷
656 4373 995 4439 impertiatur:
1031 4385 1108 4435 39.
1136 4384 1215 4432 41.
1245 4384 1325 4434 43.
1355 4370 1432 4434 63.
1462 4370 1542 4432 64.
1934 4368 1956 4401 ⁸
1989 4371 2104 4421 hic:
2141 4371 2220 4435 63.
2249 4371 2328 4421 66.

601 4439 623 4471 ⁹
654 4449 927 4489 vocantur:
965 4437 1042 4501 38.
1073 4447 1165 4487 etc.
1916 4434 1958 4467 ¹⁰
1989 4437 2180 4487 fuerat:
2219 4449 2296 4500 39.
2324 4450 2403 4497 41.
2433 4436 2512 4486 61.
2541 4435 2621 4498 64.

580 4506 618 4538 ¹¹
654 4506 729 4555 Te
751 4505 936 4554 deum:
972 4504 1082 4552 add.
1110 4501 1190 4566 63.
1915 4498 1956 4532 ¹²
1988 4512 2096 4552 est:
2133 4504 2244 4551 add.
2275 4515 2353 4566 39.
2382 4512 2477 4552 etc.
