3293 5225
1665 419 1798 468 xxxii

653 1536 721 1606 CI
764 1528 848 1592 In
921 1528 1212 1611 sequenti
1300 1526 1705 1602 calendaria,
1778 1525 2037 1589 cuilibet
2089 1528 2268 1607 sesto
2339 1527 2599 1592 habenti
2681 1531 2951 1612 aliquid

510 1615 896 1699 proprium,¹
946 1617 1293 1697 apponitur
1334 1636 1457 1696 quo
1496 1614 1673 1696 folio
1718 1612 1798 1677 ia'
1836 1613 2232 1678 inueniatur.
2346 1617 2409 1679 A
2419 1617 2515 1679 lia
2560 1638 2708 1680 vero
2733 1619 2940 1699 festa,

522 1704 756 1785 quibus
799 1725 924 1767 non
968 1703 1311 1785 apponitur
1340 1703 1638 1783 festum?
1692 1700 1870 1763 nihil
1907 1700 2142 1764 liabent
2173 1703 2536 1784 proprium.
2624 1703 2817 1768 ³ltem
2865 1706 2937 1768 in

525 1790 912 1873 quibusdam
943 1789 1166 1853 diebus
1194 1790 1626 1870 assignantur
1653 1788 1838 1850 tertie
1867 1787 2156 1851 lectiones
2186 1791 2510 1869 repetende
2538 1812 2617 1853 ex
2630 1791 2928 1872 epistoltk,

522 1898 666 1941 cum
694 1877 792 1960 fit
831 1876 1104 1959 officium
1149 1876 1228 1939 de
1252 1877 1458 1957 feria,
1503 1895 1784 1956 quarum
1831 1875 2131 1938 nonnulle
2183 1876 2252 1938 in
2300 1878 2687 1958 quibusdam
2740 1879 2937 1941 annis

517 1965 930 2040 omittuntur,
960 1964 1029 2027 in
1060 1964 1217 2046 alijs
1244 1973 1460 2026 autem
1490 1964 1813 2044 leguntur,
1843 1971 1916 2025 vt
1946 1962 2128 2042 infra
2159 1962 2230 2025 in
2261 1964 2505 2045 regulis
2521 1966 2942 2047 generalibus
3001 1996 3011 2006 ·

524 2049 893 2116 videbitur.3

621 2569 636 2602 ¹
674 2572 726 2622 in
749 2572 846 2622 hoe
868 2570 1080 2622 diurnali
1102 2588 1115 2620 z
1136 2571 1262 2621 add.
1290 2584 1371 2633 42.
1843 2568 1865 2600 2
1897 2570 2069 2622 solium
2092 2588 2105 2621 z
2143 2582 2221 2636 39.
2249 2580 2344 2623 etc.

621 2633 729 2674 ³—³
760 2640 896 2687 omit.
926 2651 1004 2698 42.

623 2703 682 2752 In
716 2700 942 2768 sequenti
976 2701 1291 2760 calendario,
1318 2711 1430 2766 post
1455 2703 1603 2752 finem
1626 2702 2007 2767 vniuscuiusque
2029 2702 2213 2752 mensis
2235 2702 2514 2752 indicantur
2537 2703 2859 2763 incrementa,
2885 2712 2936 2752 et

521 2767 876 2818 diminutiones
910 2767 1120 2826 dierum,
1158 2783 1217 2817 ac
1255 2767 1495 2827 noctium,
1521 2767 1571 2817 in
1594 2766 1842 2817 decimum
1865 2783 2112 2844 quemque
2149 2768 2389 2826 eiusdem,
2415 2784 2506 2834 per
2525 2768 2671 2818 horas
2692 2767 2933 2818 duntaxat

524 2832 758 2898 integras,
786 2841 836 2882 et
859 2842 1058 2897 quartas
1080 2832 1215 2882 horae
1256 2843 1455 2898 partes:
1493 2833 1543 2881 in
1572 2832 1754 2897 quibus
1793 2833 2131 2896 designandis,
2168 2849 2275 2909 prae
2344 2833 2441 2883 sito
2477 2832 2667 2883 dierum
2706 2850 2928 2892 numere,

561 2899 676 2948 riori
715 2899 979 2947 alterorum
1019 2899 1033 2956 (
1076 2898 1123 2946 ui
1147 2907 1263 2948 sunt
1297 2899 1549 2956 horarum)
1573 2898 1726 2956 hotae,
1752 2898 1910 2947 altero
1932 2907 2118 2962 quartae
2140 2898 2268 2962 sngni
2305 2909 2492 2948 cantur.
2572 2899 2717 2948 Diem
2742 2908 2927 2956 autem,

559 2979 621 3013 oc
659 2963 709 3012 in
751 2964 880 3022 loco,
921 2979 1051 3028 appe
1074 2964 1234 3014 lamus
1271 2963 1338 3012 ab
1371 2973 1482 3012 ortu
1506 2963 1655 3022 Solis,
1681 2963 1747 3013 ad
1785 2979 2052 3013 occasum:
2088 2963 2330 3028 reliquum
2370 2962 2488 3014 verb
2511 2972 2669 3014 totum
2695 2964 2943 3029 temporis.

522 3028 737 3093 spatium
759 3028 1069 3094 appellamus
1090 3038 1286 3079 noctem
1313 3048 1325 3078 ι
1359 3030 1471 3077 add.
1512 3027 1591 3076 61.
