3293 5225
515 456 581 504 42
1159 449 1546 499 DOMJNJCA
1582 451 1828 499 PRIMA
1864 450 1974 499 AD
1987 451 2008 499 l
2017 450 2295 501 OENTUS.

1444 650 1511 721 (Ι
1555 646 1615 707 Α
1627 645 1682 707 d
1706 655 2010 727 vesperas,

651 753 848 818 Pater
901 765 1123 818 noster
1166 756 1296 838 qui.
1391 756 1544 819 Aue
1595 757 1824 820 Maria.
1871 759 1950 820 ff,
2014 756 2199 819 Deus
2247 757 2312 819 in
2348 755 2768 819 adiutorium.
2815 762 2929 815 etc.

496 837 774 909 Deinde
808 841 1056 905 dicitur
1080 843 1359 925 hymnus
1390 844 1672 925 tempori,
1702 844 1808 906 vel
1812 845 1991 924 sesto
2006 845 2402 907 conueniens.

1560 980 1884 1062 Hymnus.

526 1088 944 1220 Conditor
1003 1090 1177 1154 alme
1252 1090 1587 1193 syderum,
1663 1103 1890 1156 eterna
1968 1093 2087 1155 lux
2163 1092 2592 1167 credentium,
2668 1089 2934 1154 Christe

683 1176 1064 1261 redemptor
1092 1181 1410 1256 omnium,
1445 1180 1718 1242 Exaudi
1752 1201 1977 1262 preces
2008 1179 2405 1262 supplicum.

654 1262 788 1346 Qui
850 1265 1212 1328 condolens
1274 1267 1560 1343 interitu,
1625 1267 1865 1330 Mortis
1941 1268 2151 1350 perire
2226 1266 2560 1329 seculum:
2638 1261 2928 1327 Saluasti

429 1419 434 1425 ,
526 1349 879 1414 mundum¹
913 1351 1322 1434 languidum,
1357 1354 1636 1417 Donans
1673 1356 1797 1417 reis
1829 1355 2211 1418 remedium.

655 1437 993 1519 Vergente
1047 1441 1277 1503 mundi
1329 1461 1619 1523 vespere,
1671 1441 1791 1505 Vti
1823 1463 2105 1524 sponsus
2138 1443 2221 1504 de
2254 1440 2572 1516 thalamO,
2606 1439 2934 1520 Egressus

524 1523 1012 1602 honestissima,
1044 1527 1341 1610 Virginis
1376 1528 1605 1591 matris
1636 1529 1946 1592 clausula.

655 1612 860 1676 Cuius
936 1613 1087 1676 forti
1166 1615 1480 1695 potentie,
1558 1615 1750 1680 Genu
1829 1625 2191 1679 curuantur
2265 1613 2530 1677 omnia:
2623 1611 2934 1687 Celestia,

522 1699 872 1776 terrestria,
907 1701 1094 1765 Nutu
1128 1699 1417 1765 fatentur
1448 1703 1732 1767 subdita.

658 1786 758 1848 Te
790 1787 1225 1869 deprecamur
1255 1790 1418 1871 agie,
1450 1789 1752 1852 Venture
1784 1790 1988 1853 iudex
2023 1788 2221 1851 seculi
2249 1813 2262 1852 ε
2311 1788 2652 1853 Conserua
2699 1805 2822 1849 nos
2868 1786 2933 1847 in

523 1882 843 1956 tempore,
878 1875 1115 1938 Hostis
1145 1897 1184 1938 a
1216 1877 1351 1938 telo
1376 1876 1629 1958 perfidi.

662 1960 860 2038 LauS,
890 1962 1118 2039 honor,
1150 1965 1372 2038 virtuS,
1422 1963 1653 2046 gloria,
1700 1965 1826 2026 deo
1877 1965 2067 2047 patri,
2113 1972 2180 2026 et
2230 1961 2382 2039 filio,
2433 1962 2686 2025 Sancto
2736 1958 2932 2023 simul

528 2047 881 2129 paracleto,
916 2049 992 2111 In
1027 2050 1397 2113 seculorum
1431 2051 1690 2115 saecula.
1782 2052 2021 2115 Amen.

659 2135 1002 2198 Predictus
1073 2137 1353 2215 hymnus
1422 2138 1667 2201 dicitur
1736 2138 1834 2200 ad
1897 2138 1958 2201 V
1951 2148 2200 2218 esperas
2249 2157 2445 2217 vsque
2490 2136 2589 2198 ad
2633 2134 2935 2216 vigiliam

529 2221 938 2285 Natiuitatis
966 2224 1249 2287 Domini
1270 2224 1473 2288 exclus
1483 2225 1603 2299 iue,
1633 2226 1892 2307 quando
1923 2247 2046 2288 non
2078 2226 2309 2306 agitur
2337 2224 2413 2286 de
2441 2233 2674 2286 sancto.

661 2315 728 2386 (Ι
774 2310 937 2372 Post
965 2311 1278 2392 hymnum
1310 2311 1556 2375 dicitur
1580 2312 1937 2389 antiphona
1968 2312 2253 2393 tempori,
2285 2311 2392 2374 vel
2390 2312 2567 2392 sesto
2597 2328 2935 2372 accommo-

531 2396 708 2473 data,
738 2419 858 2480 que
888 2399 957 2460 in
989 2399 1191 2478 sestis
1234 2399 1593 2480 duplicibus
1639 2401 1736 2462 ad
1777 2400 2198 2466 matutinum.
2246 2398 2486 2472 laudeS,
2538 2406 2604 2459 et
2646 2406 2943 2476 vesperas

532 2484 803 2548 dicenda
833 2496 931 2548 est
958 2486 1027 2546 in
1047 2485 1368 2566 principio
1413 2487 1686 2568 integra,
1720 2487 1789 2549 in
1839 2487 1994 2567 aliis
2041 2496 2256 2548 autem
2312 2484 2528 2548 diebus
2578 2481 2939 2563 incipienda

532 2580 793 2634 tantum
824 2572 1225 2655 Antiphona.
1320 2574 1569 2638 Rorate
1619 2574 1741 2637 celi
1794 2572 2095 2657 desuper,
2135 2583 2243 2636 etc.
2333 2570 2592 2635 Deinde
2631 2570 2946 2633 dicuntur

532 2669 663 2721 tres
680 2661 945 2740 psalmi,
976 2671 1049 2723 vt
1079 2662 1147 2723 in
1179 2662 1512 2743 psalterio,
1541 2662 1775 2744 quibus
1825 2662 2219 2743 adiungitur
2266 2659 2554 2741 quotidie
2602 2658 2940 2721 canticum.

536 2747 931 2828 Magnificat
976 2750 1202 2811 anima
1250 2769 1399 2811 mea
1461 2750 1829 2812 dominum.
1878 2770 2000 2831 quo
2036 2748 2239 2830 finito
2282 2757 2531 2827 semper
2585 2744 2942 2826 antiphona

532 2833 781 2897 dicitur
801 2835 1073 2916 integra.
1118 2837 1516 2918 Antiphona.
1597 2838 1846 2899 Rorate
1879 2836 2000 2898 celi
2033 2839 2333 2917 desuper,
2366 2843 2434 2896 et
2466 2831 2675 2895 nubes
2708 2831 2944 2914 pluant

533 2922 782 2984 iustum
816 2922 1149 3005 aperiatur
1179 2934 1368 2997 terra,
1399 2933 1465 2986 et
1496 2924 1824 3005 germinet
1857 2923 2272 2985 saluatorem.

666 3008 808 3071 Hec
847 3009 1199 3091 antiphona
1253 3011 1521 3074 dicenda
1573 3021 1669 3073 est
1711 3011 1807 3073 ad
1842 3021 2152 3091 vesperas,
2186 3030 2383 3090 vsque
2426 3007 2524 3070 ad
2551 3005 2942 3070 dominicam

535 3099 798 3158 tertiam
830 3096 1180 3159 Aduentus
1225 3098 1560 3172 exclusiue,
1607 3098 1866 3178 quando
1879 3098 1974 3180 fit
2011 3095 2288 3178 officium
2335 3096 2414 3158 de
2460 3093 2800 3167 dominica,
2848 3091 2957 3154 vel

537 3183 613 3245 de
624 3183 831 3262 seria.
908 3184 1180 3248 Deinde.
1229 3184 1480 3249 Versus.
1560 3184 1854 3248 Domine
1887 3184 2133 3248 exaudi
2167 3184 2536 3246 orationem
2572 3200 2808 3243 meam.
2840 3188 2944 3240 etc.

532 3290 675 3332 cum
707 3271 994 3334 oratione
1016 3281 1078 3334 et
1104 3272 1809 3335 commemorationibus
1838 3282 1909 3335 vt
1936 3282 2133 3352 supra
2162 3270 2260 3333 ad
2273 3270 2511 3332 laudes.

667 3363 733 3433 ΙΙ
780 3358 1172 3421 Notandum
1197 3360 1429 3458 ᾳμᾳᾶ
1398 3381 1468 3421 tn
1516 3359 1797 3440 vesperis
1823 3369 2072 3440 semper
2113 3358 2360 3420 dicitur
2385 3356 2594 3418 oratio
2622 3375 2743 3435 que
2770 3353 2946 3416 dicta

526 3445 750 3523 suerit
769 3445 866 3507 ad
903 3446 1138 3508 laudes
1170 3447 1307 3508 nisi
1347 3458 1598 3528 vespere
1642 3446 1904 3509 dicende
1942 3446 2079 3508 sint
2126 3445 2203 3508 de
2249 3444 2467 3526 aliquo
2493 3444 2668 3523 sesto
2713 3440 2957 3522 duplici

537 3532 859 3629 sequentis
887 3532 1038 3605 diei
1074 3542 1226 3595 tunc
1252 3533 1425 3596 enim
1455 3533 1737 3616 hymnus
1766 3532 2135 3614 antiphona,
2165 3542 2229 3594 et
2248 3531 2458 3594 oratio
2503 3527 2766 3592 dicende
2793 3535 2951 3589 sunt

535 3619 613 3680 de
643 3618 775 3699 ipso
790 3620 966 3699 sesto
994 3620 1295 3701 sequenti.

1360 3762 1426 3832 (Ι
1473 3757 1598 3819 Ad
1619 3756 2104 3838 completorium.

675 3868 870 3930 Pater
903 3878 1142 3931 noster.
1235 3869 1387 3931 Aue
1423 3869 1654 3931 Maria.
1767 3869 2018 3932 Versus.

672 3954 970 4019 Onuerte
1003 3976 1123 4018 nos
1155 3958 1319 4018 deus
1350 3955 1658 4018 salutaris
1691 3965 1927 4018 noster.
2021 3958 2099 4027 R.
2195 3954 2284 4016 Et
2316 3961 2538 4015 auerte
2571 3952 2736 4014 iram
2769 3961 2955 4013 tuam

699 4062 739 4104 a
772 4042 981 4106 nobis,
1070 4044 1148 4105 ff.
1187 4042 1375 4106 Deus
1406 4043 1470 4105 in
1494 4043 1917 4118 adiutorium,
1947 4052 2052 4105 etc.

1537 4186 1603 4256 ΙΙ
1654 4180 1976 4261 Hymnus.

542 4291 737 4420 TE
776 4291 940 4354 lucis
971 4301 1130 4354 ante
1162 4292 1540 4367 terminum,
1576 4292 1826 4354 Rerum
1882 4300 2138 4353 creator
2187 4289 2568 4372 poscimus:
2615 4285 2713 4349 Vt
2766 4285 2966 4348 solita

704 4378 1073 4453 clementia,
1110 4378 1217 4442 Sis
1249 4379 1465 4461 presul
1499 4380 1583 4441 ad
1618 4379 2007 4441 custodiam.

1594 4512 1610 4544 ¹
1649 4514 1857 4565 mundi:
1893 4513 1972 4563 61.
