3293 5225
534 446 624 482 110
852 434 1081 482 FERJA
1140 434 1217 483 II.
1280 431 1722 482 DOMINICAE
1776 433 1873 482 IV.
1940 432 2609 493 QUADRAGESJMAE.

1066 667 1135 736 {I
1178 661 1480 725 Homilia
1507 663 1722 724 sancti
1747 662 1807 724 A
1818 662 2119 743 agustini
2142 661 2419 743 episcopi.

546 790 975 921 eracula
1050 811 1177 872 que
1255 790 1407 853 fecit
1482 791 1814 854 Dominus
1875 800 2100 853 noster
2165 791 2347 853 Iesus
2411 788 2729 864 Christus,
2789 797 2945 851 sunt

741 877 1012 959 quidem
1076 879 1304 941 diuina
1377 899 1581 960 opera
1671 888 1739 941 et
1812 878 1897 941 ad
1977 876 2482 960 intelligendum
2563 876 2781 939 Deum
2860 875 2946 938 de

534 964 898 1028 visibilibus
930 964 1296 1027 admonent
1327 964 1691 1028 humanam
1728 976 2039 1028 mentem.
2131 964 2308 1048 Quia
2338 966 2516 1027 enim
2550 963 2661 1026 ille
2686 984 2818 1026 non
2843 973 2946 1025 est

536 1052 685 1116 talis
717 1051 1103 1127 substantie,
1134 1072 1264 1133 que
1294 1053 1501 1114 videri
1534 1052 1743 1115 oculis
1776 1054 2002 1135 possit,
2033 1062 2100 1114 et
2134 1052 2450 1115 miracula
2492 1053 2633 1114 eius
2681 1047 2946 1132 quibusl

536 1140 860 1202 mundum
903 1140 1086 1219 regit,
1118 1140 1629 1220 vniuersamque
1676 1150 2042 1202 creaturam
2092 1140 2514 1201 administrat
2558 1137 2946 1201 assiduitate

534 1225 884 1302 viluerunt,
918 1227 1008 1288 ita
1038 1235 1111 1288 vt
1142 1246 1312 1308 pene
1345 1247 1543 1289 nemo
1573 1226 1886 1309 dignetur
1920 1225 2262 1288 attendere
2293 1246 2496 1307 opera
2542 1224 2650 1287 dei
2683 1225 2850 1287 mira
2880 1234 2947 1287 et

535 1315 869 1394 stupenda
922 1313 987 1374 in
1042 1312 1340 1394 quolibet
1390 1315 1660 1376 seminis
1710 1334 1936 1395 grano,
2046 1313 2429 1378 Secundum
2481 1313 2695 1395 ipsam
2757 1330 2945 1373 suam

539 1400 1060 1463 misericordiam
1136 1401 1427 1462 seruauit
1501 1402 1626 1462 sibi
1704 1401 1992 1482 quedam
2057 1421 2188 1482 que
2249 1400 2491 1463 faceret
2567 1408 2947 1482 opportuno

539 1497 839 1569 tempore
895 1485 1135 1569 preter2
1188 1489 1505 1550 vsitatum
1568 1509 1832 1551 cursum
1896 1487 2331 1569 ordinemque
2385 1497 2635 1563 nature,
2687 1496 2759 1547 vt
2813 1505 2945 1547 non

541 1576 832 1637 maiora:
908 1574 1025 1636 sed
1104 1574 1367 1637 insolita
1442 1575 1733 1638 videndo
1808 1584 2169 1657 stuperent,
2243 1574 2483 1655 quibus
2559 1573 2948 1654 quotidiana

538 1662 883 1724 viluerunt.
979 1662 1198 1724 Maius
1228 1663 1403 1724 enim
1442 1663 1830 1725 miraculum
1865 1671 1965 1724 est
2010 1661 2403 1743 gubernatio
2449 1662 2653 1724 totius
2702 1660 2950 1735 mundi,

540 1769 742 1830 quam
786 1750 1105 1810 saturatio
1151 1751 1443 1830 quinque
1493 1750 1747 1812 milium
1781 1749 2145 1820 hominum,
2179 1748 2262 1811 de
2310 1750 2605 1831 quinque
2652 1747 2950 1830 panibus

543 1838 632 1900 Et
665 1846 889 1898 tamen
921 1835 1048 1898 hoc
1082 1856 1280 1898 nemo
1313 1837 1600 1900 miratur.
1684 1837 1855 1898 Illud
1891 1838 2213 1899 mirantur
2237 1837 2540 1898 homines
2571 1860 2583 1898 :
2631 1855 2763 1897 non
2797 1834 2953 1915 quia

543 1925 754 1986 maius
815 1932 935 1998 est,
996 1923 1111 1986 sed
1175 1925 1331 2005 quia
1393 1944 1610 1986 rarum
1674 1933 1791 1986 est.
1904 1922 2074 2004 Quis
2134 1925 2313 1986 enim
2375 1934 2443 1985 et
2504 1942 2679 1985 nunc
2742 1923 2952 2004 pascit

539 2013 916 2073 vniuersum
953 2009 1277 2072 mundum
1313 2011 1436 2072 nisi
1472 2010 1561 2072 illi
1599 2011 1712 2091 qui
1760 2011 1843 2074 de
1892 2012 2119 2093 paucis
2164 2010 2389 2094 granis
2433 2010 2676 2092 segetis
2723 2014 2952 2072 creat?

546 2098 730 2160 Fecit
768 2117 928 2179 ergo
975 2098 1315 2179 quomodo
1366 2098 1566 2160 DeuS.
1660 2098 1858 2161 Vnde
1904 2099 2081 2160 enim
2133 2098 2530 2180 multiplicat
2575 2098 2659 2159 de
2706 2097 2952 2177 pauciS,

546 2186 769 2266 granis
802 2194 1078 2264 segetes
1124 2184 1278 2247 inde
1313 2185 1622 2248 manibus
1676 2186 1811 2247 suis
1868 2184 2335 2266 multiplicauit
2389 2186 2680 2267 quinque
2728 2203 2950 2264 panes,

546 2273 851 2334 Potestas
881 2272 1059 2334 enim
1092 2281 1233 2334 erat
1267 2273 1330 2334 in
1367 2274 1674 2335 manibus
1706 2272 1968 2349 Christi,
2002 2293 2207 2355 panes
2250 2284 2473 2334 autem
2521 2271 2612 2333 illi
2660 2272 2953 2352 quinque

542 2360 731 2441 quasi
778 2360 1033 2421 semina
1065 2369 1272 2434 erant,
1304 2380 1434 2421 non
1484 2361 1757 2441 quidem
1814 2370 1982 2422 terre
2037 2361 2371 2435 mandata,
2401 2358 2519 2421 sed
2573 2359 2659 2421 ab
2707 2378 2788 2420 eo
2840 2357 2951 2438 qui

542 2456 783 2511 terram
820 2445 973 2509 fecit
1006 2445 1489 2529 multiplicata.³

1638 2598 1882 2664 Oratio.

550 2728 953 2861 COncede
1014 2749 1375 2810 quesumus
1449 2730 1878 2811 omnipotens
1957 2730 2158 2805 DeuS,
2219 2739 2291 2791 vt
2367 2731 2478 2810 qui
2555 2750 2643 2792 ex
2722 2729 2958 2791 merito

707 2827 927 2879 nostre
952 2817 1230 2879 actionis
1256 2816 1627 2897 affligimur,
1661 2828 1773 2880 tue
1805 2818 2016 2898 gratie
2044 2816 2496 2879 consolatione
2531 2818 2959 2899 respiremus:

551 2906 674 2967 Per
704 2903 1068 2966 dominum.

1127 3072 1193 3142 (Ι
1238 3066 1438 3128 Feria
1468 3066 1554 3147 ,ᾖ
1584 3088 1666 3129 ex
1695 3066 1967 3130 Genesi}
2083 3067 2292 3129 Lectio
2323 3067 2381 3131 .i.

654 3195 1305 3345 Vrgeltxitlflkbssaham
1340 3206 1405 3258 et
1438 3197 1745 3258 adorauit
1897 3197 1961 3258 in
2013 3198 2498 3278 possessionem
2549 3198 2960 3260 monumenti

681 3304 719 3345 a
823 3284 900 3345 iis
1008 3292 1074 3345 et
1125 3333 1137 3345 .

744 3451 810 3521 (I
855 3445 1148 3526 Epistola
1193 3444 1500 3507 catholica
1529 3444 1751 3507 Iacobi
1804 3445 1865 3507 A
1862 3446 2139 3527 postolz'.⁵
2231 3447 2444 3509 Lectio
2472 3448 2766 3511 secunda.

637 3575 909 3637 Acobus
957 3575 1081 3636 Dei
1130 3586 1196 3637 et
1246 3575 1499 3637 domini
1559 3577 1766 3637 nostri
1827 3575 1976 3639 Iesu
2029 3575 2272 3639 Christi
2324 3597 2552 3639 seruus
2743 3586 2963 3659 potest

664 3662 919 3724 saluare
952 3663 1207 3724 animas
1240 3671 1509 3724 vestras

1107 3830 1173 3899 (Ι
1231 3824 1450 3886 Tertia
1482 3825 1660 3887 lectio
1689 3826 2034 3887 secundum
2066 3825 2417 3890 Ioannem.⁶

643 3953 701 4015 N
756 3953 870 4015 illo
924 3962 1241 4036 tempore.
1359 3954 1570 4035 Prope
1622 3964 1765 4016 erat
1821 3955 2066 4037 pascha
2126 3956 2500 4033 Iudeorum,
2547 3967 2616 4020 et
2667 3958 2966 4021 ascendit

674 4041 857 4103 Iesus
910 4041 1409 4121 lerosolymam,
1438 4052 1505 4103 et
1554 4043 1806 4104 inuenit
1854 4044 1917 4104 in
1970 4043 2225 4125 templo
2273 4044 2637 4108 vendentes
2686 4065 2847 4107 oues
2899 4057 2966 4108 et

557 4129 762 4191 boues
793 4138 860 4191 et
891 4128 1233 4190 columbas
1261 4152 1273 4191 :
1323 4129 1414 4191 Et
1447 4128 1715 4209 reliqua.

654 4346 670 4377 ¹
708 4357 901 4424 totum:
938 4349 1048 4396 add.
1080 4360 1156 4410 39.
1187 4355 1279 4397 etc.
1989 4347 2012 4378 ²
2080 4359 2276 4425 ropter:
2313 4351 2391 4400 66.

656 4412 677 4442 ³
716 4415 967 4463 Miserere.
1001 4424 1076 4477 50.
1106 4416 1217 4462 add.
1249 4414 1328 4477 63.
1993 4413 2015 4443 ⁴
2044 4366 2202 4475 fxxiii.
2234 4418 2405 4478 7—20.]

654 4478 675 4508 ⁸
709 4479 832 4544 Cap.
869 4492 888 4527 1
919 4480 975 4527 in
1000 4495 1065 4528 m.
1094 4479 1147 4539 [i.
1184 4479 1350 4540 1-21.]
1992 4478 2013 4509 ⁶
2047 4482 2134 4531 Ca.
2166 4494 2210 4529 2.
2242 4483 2299 4530 in
2325 4499 2387 4531 m.
