3293 5225
1030 476 1413 528 DOMINICA
1450 476 1694 526 PRIMA
1729 477 1839 526 AD
1852 476 2159 529 VENTUS.
2729 489 2802 541 39

391 630 603 694 Marie
662 651 923 714 semper
981 631 1251 713 virginis
1298 631 1767 694 intercessione
1811 651 1851 693 a
1884 631 2174 713 presenti
2221 630 2481 694 liberari
2528 630 2804 696 tristitia.

387 727 455 780 et
545 728 774 781 eterna
835 717 1079 801 perfrui
1155 717 1380 782 letitia.
1441 738 1558 800 per
1633 716 1972 782 Christum
2045 719 2394 782 dominum
2472 728 2804 783 nostrum.

385 805 899 886 Responsorium.
990 805 1231 868 Amen.

977 957 1043 1027 ΙΙ
1075 950 1180 1013 De
1208 951 1507 1032 apostolis
1535 960 1596 1013 et
1623 950 1920 1013 omnibus
1947 949 2230 1015 sanctis.1

520 1062 748 1127 Sancti
839 1063 946 1126 dei
1036 1082 1270 1125 omnes
1361 1060 1770 1125 intercedere
1860 1062 2227 1144 dignemini
2320 1082 2441 1143 pro
2551 1071 2804 1138 nostra,

384 1151 814 1231 omniumque
846 1149 1075 1213 salute.

536 1235 785 1300 Versus.
878 1236 1213 1300 Letamini
1290 1236 1355 1298 in
1411 1234 1704 1313 domin0,
1752 1245 1819 1299 et
1879 1235 2182 1300 exultate
2234 1237 2405 1300 iusti.
2516 1236 2800 1317 Respon-

384 1322 647 1387 sorium.
739 1321 856 1387 Et2
885 1323 1258 1405 gloriamini
1289 1343 1522 1386 omnes
1566 1323 1723 1385 recti
1756 1325 1970 1387 corde.

1221 1484 1524 1548 OremuS.
1613 1489 1681 1560 ΙΙ
1718 1484 1964 1550 Oratio,

402 1597 752 1726 EXaudi
816 1617 938 1659 nos
969 1598 1135 1659 deus
1194 1596 1501 1660 salutaris
1563 1606 1826 1659 noster:
1875 1607 1941 1658 et
1997 1596 2449 1679 apostolorum
2512 1605 2807 1671 tuorum„

559 1684 753 1759 Petri,
784 1695 851 1747 et
900 1684 1103 1755 Pauli,
1137 1694 1204 1746 et
1236 1683 1517 1746 aliorum
1566 1683 2022 1765 apostolorum
2072 1703 2194 1746 nos
2228 1693 2413 1745 tuere
2446 1683 2794 1765 presidijs:

387 1791 666 1853 quorum
701 1771 967 1833 donasti
1002 1770 1229 1834 fideles
1262 1791 1405 1833 esse
1437 1768 1800 1833 doctrinis.⁸

391 1882 731 2012 OMnes
780 1885 993 1947 sancti
1043 1884 1156 1958 tui,
1204 1902 1566 1965 quesumus
1614 1881 1902 1957 domine,
1949 1902 2070 1944 nos
2118 1882 2390 1964 vbique⁴
2436 1882 2804 1946 adiuuent:

561 1980 635 2033 vt
679 1970 839 2033 dum
901 1990 1130 2033 eorum
1194 1972 1428 2033 merita
1488 1970 1855 2043 recolimu5‚
1901 1968 2270 2051 patrocinia
2320 1969 2688 2032 sentiamus
2733 1979 2802 2033 et

386 2077 619 2139 pacem
684 2066 868 2120 tuam
932 2058 1172 2120 nostris
1233 2056 1525 2119 concede
1584 2057 2039 2138 temporibus:
2099 2066 2167 2120 et
2212 2055 2299 2119 ab
2343 2055 2622 2119 ecclesia
2682 2066 2804 2119 tua

386 2154 698 2207 cunctam
736 2144 1000 2227 'repelle
1049 2144 1458 2226 nequitiam':
1524 2143 1664 2214 iter.
1717 2153 1922 2219 actu5‚
1973 2154 2040 2206 et
2088 2143 2467 2206 voluntates
2522 2153 2804 2220 nostraS,

386 2241 456 2294 et
486 2232 787 2293 omnium
820 2231 1219 2294 famulorum
1253 2242 1516 2293 tuorum
1542 2230 1606 2292 in
1642 2230 1872 2293 salutis
1905 2240 2017 2292 tue
2050 2231 2488 2313 prosperitate
2518 2231 2803 2313 dispone

388 2318 923 2381 benefactoribus
986 2319 1228 2381 nostris
1289 2319 1697 2400 sempiterna
1758 2317 1936 2379 bona
1996 2318 2300 2394 retribue,
2360 2326 2428 2380 et
2487 2317 2799 2380 omnibus

390 2404 696 2468 fidelibus
748 2405 1079 2468 defunctis
1135 2406 1427 2487 requiem
1485 2413 1785 2467 eternam
1843 2404 2173 2467 concede:
2253 2406 2376 2466 Per
2447 2403 2797 2467 dominum

388 2502 689 2555 nostrum
729 2492 949 2554 Iesum
983 2491 1320 2564 Christum
1356 2490 1563 2554 filium
1607 2501 1796 2554 tuum
1831 2492 1945 2573 qui
1978 2500 2197 2554 tecum
2231 2492 2416 2566 viuit,
2447 2502 2514 2554 et
2565 2500 2800 2574 regnat

387 2580 456 2642 in
518 2581 771 2643 vnitate
846 2581 1116 2662 spiritus
1175 2579 1388 2642 sancti
1439 2579 1620 2656 deuS,
1672 2598 1790 2661 per
1841 2579 2069 2642 omnia
2122 2578 2344 2642 secula
2405 2577 2800 2644 seculorum.

385 2666 904 2748 Responsorium.
995 2666 1263 2729 Amen.⁵

518 2784 585 2855 (Ι
615 2779 912 2842 Predicte
976 2778 1600 2843 commemorationes
1651 2778 1936 2859 predicto
1984 2778 2168 2841 modo
2203 2778 2517 2841 dicuntur
2554 2790 2807 2860 semper

392 2866 466 2928 in
502 2866 808 2929 laudibus
835 2876 897 2928 et
941 2867 1217 2947 vesperis
1245 2877 1394 2948 post
1436 2866 1792 2929 orationem
1845 2866 1994 2941 diei,
2024 2875 2444 2947 preterquam
2496 2867 2565 2927 in
2598 2866 2805 2946 sestis

388 2953 764 3034 duplicibus,
821 2963 884 3016 et
954 2954 1457 3052 quandocunque
1484 2951 1581 3035 fit
1636 2951 1911 3034 officium
1973 2962 2093 3015 aut
2148 2953 2662 3015 commemoratio
2722 2953 2803 3015 de

384 3040 630 3138 aliqud
642 3051 868 3103 octaua
898 3051 960 3103 et
990 3041 1059 3103 in
1091 3041 1309 3103 triduo
1339 3049 1489 3102 ante
1517 3040 1780 3121 pascha.
1871 3039 2000 3101 Est
2043 3049 2260 3102 autem
2309 3039 2801 3115 aduertendum,

384 3127 564 3226 quod
601 3127 671 3189 in
713 3127 1002 3190 sabbatis
1047 3128 1115 3189 in
1161 3127 1395 3209 quibus
1421 3127 1516 3209 fit
1556 3125 1830 3208 officium
1862 3126 1941 3188 de
1970 3126 2151 3189 beata
2180 3125 2439 3208 virgine
2467 3126 2804 3189 omittitur

384 3215 529 3277 eius
584 3215 1113 3291 commemorati‚o
1164 3225 1226 3277 et
1270 3213 1377 3313 ‘fit
1447 3223 1705 3277 tantum
1774 3213 1851 3275 de
1907 3214 2162 3276 sanctis.
2296 3213 2795 3277 Aduertendum

369 3310 672 3384 preterea
722 3302 898 3383 quod
940 3302 1198 3382 quando
1252 3302 1322 3363 in
1369 3299 1595 3382 alequa
1643 3300 1965 3363 dominica
1997 3299 2093 3381 fit
2135 3298 2410 3381 officium
2456 3301 2534 3362 de
2576 3300 2802 3381 aliquo

368 3388 553 3469 festo
611 3389 866 3469 duplici,
914 3389 1024 3451 vel
1074 3388 1150 3451 de
1208 3389 1436 3469 aliqua
1486 3398 1713 3450 octaua
1744 3397 1896 3469 post
1951 3388 2304 3450 orationem
2351 3388 2488 3449 di'ez
2526 3387 2798 3451 dicenda

388 3484 487 3538 est
538 3475 737 3537 etiam
797 3476 1006 3538 oratio
1067 3476 1249 3539 illius
1323 3475 1634 3538 dominice
1691 3485 1817 3555 pro
1875 3474 2016 3537 eius
2072 3475 2666 3537 commemoratione
2726 3475 2804 3537 in

384 3560 697 3625 laudibus
725 3572 789 3625 et
815 3564 1109 3643 vesperis.
1197 3562 1453 3626 Deinde
1496 3561 1741 3624 dicitur
1769 3561 2254 3625 Benedicamus
2284 3571 2347 3623 et
2377 3561 2432 3623 F
2436 3561 2705 3624 idelium
2729 3571 2810 3625 vt

379 3658 605 3729 supra.

1315 3792 1381 3862 ΙΙ
1411 3785 1535 3847 Ad
1556 3785 1871 3866 primam.

531 3980 727 4043 Pater
756 3993 996 4042 noster.
1087 3979 1237 4042 Aue
1274 3978 1505 4044 Maria.
1593 3980 1673 4040 ff,
1724 3977 1909 4041 Deus
1942 3979 2007 4041 in
2042 3978 2462 4055 adiutorium,
2494 3988 2614 4042 etc.

1436 4115 1516 4177 H
1498 4135 1761 4197 ymnus.

398 4228 613 4357 IAm
663 4227 829 4290 lucis
873 4236 1019 4289 orto
1051 4227 1288 4308 sydere
1324 4226 1544 4289 Deum
1579 4246 1925 4308 precemur
1954 4225 2303 4310 suppliceS,
2334 4226 2431 4289 Vt
2464 4228 2528 4289 in
2563 4226 2820 4289 diurnis

504 4314 784 4377 actibus.
878 4315 1020 4377 Nos
1052 4324 1272 4377 seruet
1303 4335 1343 4377 a
1375 4314 1785 4376 nocentibus

490 4473 510 4504 ¹
548 4474 884 4538 Antiphona:
921 4475 1032 4524 add.
1063 4487 1142 4537 39.
1172 4487 1250 4536 41.
1280 4487 1358 4537 49.
1388 4473 1466 4524 60.
1495 4474 1574 4524 61.
1604 4473 1683 4536 63.
1712 4472 1791 4534 64.
1820 4471 1899 4522 66.
2294 4470 2318 4501 '²
2347 4488 2440 4521 om.
2468 4471 2547 4522 61.

490 4537 515 4570 ³
555 4540 769 4588 Oratio:
803 4540 913 4588 add.
942 4539 1020 4589 61.
1049 4539 1128 4603 63.
1561 4537 1581 4569 ⁴
1612 4555 1706 4588 om.
1737 4550 1814 4601 39.
2299 4536 2321 4566 ⁵
2351 4553 2445 4586 om.
2474 4550 2553 4600 43.
2582 4536 2666 4587 61.
