3293 5225
1119 959 1541 1042 [TABULA
1634 959 2286 1042 VAGANTIUM]

639 1129 707 1200 (Ι
754 1122 1135 1186 Notandum
1166 1123 1362 1223 quod
1365 1124 1539 1185 inter
1564 1123 1972 1187 Pentecosten
2001 1133 2064 1186 et
2106 1123 2463 1187 aduentum
2516 1145 2622 1186 nec
2654 1132 2930 1205 possunt

515 1232 645 1274 esse
661 1211 885 1293 plures
912 1231 1109 1292 quam
1135 1211 1369 1292 xxviij.
1401 1211 1733 1285 dominice,
1765 1231 1876 1273 nec
1892 1209 2226 1291 pauciores
2243 1232 2457 1309 quam
2461 1211 2651 1292 xxn’j.
2749 1210 2925 1289 Quia

514 1308 728 1360 tamen
765 1299 917 1378 fere
961 1310 1209 1397 semper
1254 1298 1487 1360 accidit
1534 1307 1607 1361 vt
1653 1299 1960 1380 legantur
2004 1298 2233 1360 saltem
2265 1299 2492 1380 xxiiij.
2529 1309 2678 1380 post
2704 1308 2924 1380 pente·

513 1395 733 1463 costen,
764 1385 903 1448 ideo
935 1383 1132 1466 xxiij.
1163 1406 1284 1466 que
1309 1387 1414 1463 (vt
1439 1386 1686 1448 dictum
1718 1386 1838 1466 est)
1863 1386 2209 1449 necessario
2230 1386 2527 1448 incidunt
2550 1386 2618 1447 in
2637 1386 2925 1466 predicto

516 1483 805 1555 tempore,
856 1472 1254 1553 adiungitur
1295 1474 1527 1555 quinta
1586 1473 1993 1554 vagantium,
2054 1485 2116 1535 et
2173 1473 2539 1554 appellatur
2607 1473 2925 1552 vigesima

510 1569 749 1642 quarta
768 1569 916 1641 post
932 1569 1322 1640 pentecosten
1354 1581 1507 1622 nam
1540 1561 1695 1640 fere
1738 1572 1988 1642 semper
2034 1560 2277 1640 legitur
2321 1560 2495 1622 inter
2542 1559 2925 1641 vigesimam

517 1647 778 1710 tertiam
827 1656 976 1728 post
1018 1656 1433 1727 pentecosten,
1491 1658 1553 1709 et
1610 1648 1906 1728 primam
1981 1649 2346 1710 aduentus:
2428 1644 2704 1723 Quando
2777 1667 2925 1728 ergo

499 1734 787 1815 fuerint¹
843 1744 1100 1797 tantum
1163 1735 1360 1816 xxiii
1411 1735 1724 1797 dominice
1759 1735 1936 1815 quod
1983 1745 2198 1796 tamen
2251 1734 2590 1796 rarissime
2639 1733 2926 1811 eueniet,2

518 1831 670 1883 tunc
709 1821 1028 1902 vigesima
1054 1830 1293 1903 quarta
1323 1822 1588 1902 legenda
1619 1833 1716 1883 est
1742 1832 1895 1884 ante
1922 1822 2477 1903 septuagesimam,
2510 1833 2583 1883 vt
2608 1821 2748 1883 suis
2777 1820 2928 1884 locis

519 1907 806 1972 videbis³
902 1906 1177 1985 Quando
1205 1919 1421 1971 autem
1454 1909 1805 1971 inciderint
1834 1908 2060 1990 ‚xxiiii
2084 1909 2412 1982 dominice,
2435 1929 2651 1971 omnes
2672 1908 2927 1990 legende

514 2004 671 2057 sunt
713 2007 835 2076 per
864 1996 1150 2057 ordinem
1209 1996 1349 2058 sine
1398 1996 1533 2058 vlla
1593 1997 2066 2058 intermissione
2136 2017 2332 2077 vsque
2402 1995 2500 2057 ad
2556 1997 2926 2058 aduentum.

523 2082 798 2160 Quando
828 2104 976 2144 vero
989 2083 1258 2162 fuerint
1287 2104 1449 2146 xxv.
1480 2092 1631 2146 tunc
1660 2083 1729 2145 in
1760 2082 2087 2145 dominica
2118 2083 2432 2145 incidenti
2457 2083 2526 2144 in
2571 2083 2677 2145 die
2718 2082 2934 2145 sancti

514 2170 561 2232 I
556 2169 786 2232 oannis
859 2168 1145 2251 baptiste,
1204 2179 1325 2232 aut
1370 2170 1557 2250 infra
1608 2170 1748 2232 eius
1795 2180 2087 2232 octauam
2142 2170 2465 2252 intetpone
2510 2168 2926 2233 dominicam⁴

513 2267 820 2338 quartam
869 2257 1254 2338 vagantium
1286 2267 1349 2319 et
1374 2267 1820 2338 consequenter
1845 2278 2034 2319 suam
2065 2256 2529 2319 hebdomadam
2560 2277 2690 2338 qua
2717 2256 2927 2338 finita

518 2353 833 2407 reuertere
852 2345 950 2405 ad
970 2365 1113 2406 eam
1142 2344 1532 2407 dominicam
1566 2353 1717 2424 post
1751 2354 2140 2424 pentecosten
2174 2344 2245 2406 in
2288 2365 2418 2426 qua
2462 2344 2743 2407 desieris.
2833 2342 2930 2405 Et

512 2430 723 2493 eodem
744 2431 925 2493 modo
942 2431 1468 2511 quandofuerint
1479 2432 1655 2494 xxvi.
1675 2431 2001 2509 dominice,
2021 2441 2173 2493 tunc
2193 2431 2262 2492 in
2281 2431 2603 2493 dominica
2622 2431 2935 2493 incidenti

515 2517 586 2579 in
618 2517 723 2579 die
749 2519 965 2580 sancti
988 2517 1259 2580 Ioannis
1285 2529 1407 2580 aut
1432 2519 1620 2594 infra
1650 2518 1788 2580 eius
1817 2528 2108 2579 octauam
2141 2517 2599 2599 interponenda
2617 2527 2713 2580 est
2733 2518 2926 2580 tertia

516 2605 920 2685 vagantium,
949 2616 1013 2668 et
1040 2606 1109 2667 in
1140 2605 1461 2668 dominica
1506 2605 1819 2668 incidenti
1865 2605 1937 2668 in
1989 2606 2094 2668 die
2142 2605 2356 2668 sancti
2403 2604 2764 2688 Laurentis,
2811 2616 2932 2668 aut

516 2692 701 2772 infra
758 2694 897 2755 eius
953 2703 1262 2768 octauam,
1322 2693 1648 2773 interpone
1703 2703 2008 2773 quartam
2084 2692 2486 2774 vagantium.
2600 2693 2933 2757 Similiter

517 2780 774 2859 quando
786 2780 1056 2860 fuerint
1084 2781 1299 2862 ,xx-vij.
1347 2790 1499 2842 tunc
1540 2780 1610 2842 in
1664 2779 2005 2842 dominicis
2038 2780 2352 2861 predictis
2398 2780 2614 2842 sancti
2659 2779 2930 2842 Ioannis

513 2876 579 2929 et
603 2867 816 2928 sancti
839 2866 1195 2948 Laurentis
1215 2867 1665 2948 interponende
1691 2876 1849 2928 sunt
1872 2867 2147 2929 secunda
2176 2877 2239 2929 et
2281 2868 2474 2929 tertia
2526 2867 2929 2948 vagantium,

513 2963 579 3016 et
606 2953 675 3015 in
706 2953 1027 3016 dominica
1056 2953 1370 3016 incidenti
1409 2953 1480 3015 in
1524 2954 1630 3015 die
1676 2954 1856 3016 Assu
1863 2954 2165 3035 mptionts
2213 2953 2537 3035 virginis?
2582 2964 2704 3016 aut
2747 2954 2930 3025 infra

512 3040 652 3102 eius
679 3050 970 3102 octauam
1002 3041 1436 3122 interponitur
1452 3050 1690 3121 quarta
1720 3041 2122 3122 vagantium.
2209 3040 2375 3103 Item
2398 3042 2655 3122 quando
2664 3040 2936 3121 fuerint

519 3127 761 3209 ‚xxviij
811 3137 963 3189 tunc
1006 3128 1076 3189 in
1115 3128 1430 3209 predictis
1487 3126 1697 3190 tribus
1754 3127 2093 3189 dominicis
2137 3127 2651 3207 interponuntur,
2684 3128 2930 3208 prima,

516 3214 809 3288 secunda,
839 3225 902 3276 et
929 3214 1123 3277 tertia
1153 3214 1557 3295 vagantium.
1660 3213 1743 3276 ln
1774 3214 2095 3276 dominica
2123 3218 2338 3276 autem
2371 3214 2684 3277 incidenti
2710 3215 2780 3276 in
2826 3214 2932 3276 die

518 3301 895 3363 Natiuitate
924 3301 1230 3383 virgines-⁶
1259 3311 1380 3364 aut
1406 3302 1593 3382 infra
1620 3301 1761 3364 eius
1788 3311 2079 3363 octauam
2110 3301 2567 3382 interponenda
2584 3311 2680 3363 est
2693 3311 2932 3383 quarta

522 3389 925 3469 vagantium.
1021 3387 1297 3465 Quando
1326 3409 1473 3451 vero
1483 3390 1739 3469 festum
1785 3388 2074 3450 omnium
2118 3398 2414 3450 sanctoru
2422 3409 2485 3450 m
2531 3388 2833 3450 inciderit
2859 3388 2930 3450 in

519 3475 857 3547 dominica,
891 3485 1043 3537 tunc
1066 3476 1533 3538 aduertendum
1563 3476 1741 3556 quod
1761 3485 1998 3557 quarta
2044 3476 2429 3556 vagantium
2475 3475 2931 3557 interponenda

521 3572 618 3624 est
645 3562 716 3623 in
746 3563 912 3624 dicto
934 3564 1096 3641 sesto
1125 3563 1414 3625 omnium
1444 3573 1829 3638 sanctorum,
1851 3572 1914 3624 et
1933 3583 2058 3624 non
2089 3563 2160 3624 in
2191 3562 2304 3625 illo
2331 3583 2410 3625 cx
2421 3561 2749 3645 predictis.
2837 3561 2934 3624 Et

520 3649 896 3729 supradicta
953 3647 1350 3712 ordinantur
1403 3649 1516 3711 leoc
1572 3650 1770 3725 modo,
1842 3659 1918 3711 vt
1986 3649 2206 3731 quoad
2269 3649 2674 3732 euangelium
2750 3649 2934 3711 tertie

525 3736 809 3798 lectionis
835 3746 900 3798 et
926 3736 1277 3799 orationem
1309 3736 1380 3798 in
1411 3736 1707 3798 omnibus
1748 3736 2091 3798 dominicis
2136 3737 2459 3799 concordet
2503 3736 2928 3800 Breuiarium

522 3843 666 3884 cum
726 3822 819 3884 M
814 3822 1016 3887 issali.
1106 3822 1189 3885 ln
1235 3823 1561 3904 proximis
1620 3833 1835 3885 tamen
1896 3824 2200 3905 trigintass
2258 3824 2456 3886 annis
2514 3834 2586 3886 vt
2640 3823 2932 3887 libereris

523 3908 927 3973 solicitudine
954 3910 1347 3991 inquirendi,
1376 3931 1496 3991 que
1522 3910 1820 3990 superius
1847 3909 2021 3973 dicta
2049 3920 2221 3986 sunt,
2266 3931 2389 3972 non
2433 3911 2562 3972 erit
2606 3909 2730 3972 tibi
2774 3921 2932 3992 opus

524 3996 832 4077 inspicere
858 3996 1027 4059 lianc
1055 3998 1362 4079 reg-ulam,
1390 3998 1508 4060 sed
1531 3998 1599 4058 in
1628 3997 1921 4078 sequenti
1945 3997 2153 4059 indice
2183 3996 2443 4072 videbis,
2472 3997 2639 4077 quid
2652 3997 2934 4079 singulis

522 4083 720 4146 annis
730 4084 956 4163 facere
976 4084 1233 4147 debeas:
1262 4085 1383 4165 qui
1406 4086 1600 4147 etiam
1632 4084 1830 4146 index
1853 4084 2110 4166 quando
2141 4083 2265 4146 tibi
2286 4084 2380 4145 sit
2392 4083 2843 4164 inspiciendus,
2862 4084 2933 4145 in

512 4171 827 4250 predictis
837 4172 1037 4251 sestis
1064 4169 1543 4235 admone-bens?

620 4297 644 4394 ζ
676 4299 873 4414 {targa
892 4312 1019 4427 ’ἐξ
1052 4373 1222 4429 utpote
1245 4363 1446 4430 quando
1470 4365 1515 4413 b.
1545 4364 1688 4412 litera
1709 4363 2039 4420 dominicaliS,
2066 4372 2115 4412 et
2139 4363 2236 4413 xix.
2265 4379 2358 4429 pro
2379 4379 2529 4411 aureo
2551 4378 2760 4411 numero
2781 4371 2855 4412 est
2879 4361 2927 4412 b.

523 4428 671 4542 32³¹&
703 4429 845 4478 litera
882 4429 1227 4543 dominicalisv
1228 4438 1475 4543 ιεᾰιὲιὶξὲξ,
1470 4429 1724 4489 [currens.
1713 4428 1819 4543 εὸῗι
1829 4428 1979 4543 ,664,]
2013 4428 2491 4590 simul,nunq{1a01'1'11
2502 4424 2806 4556 agigsjladd.
2848 4441 2928 4489 49,

622 4557 643 4587 ⁸
665 4508 819 4608 ‘geme
846 4560 1037 4608 Mario:
1076 4572 1152 4623 39.
1181 4574 1259 4620 4¹·
1511 4508 1592 4555 44
1619 4507 1844 4623 49auxviij.
1869 4509 1952 4623 39.
2350 4556 2773 4608 ⁷admonebitis·
2760 4593 2772 4606 .
2808 4569 2887 4622 43.
