3293 5225
982 470 1275 520 DOMINI
1275 471 1362 519 CA
1422 469 1569 518 RES
1575 468 1780 519 URRE
1788 469 1829 517 C
1837 469 1872 516 7
1875 469 1914 516 ‘l
1915 468 2098 517 ONIS.
2649 477 2749 531 ³35

967 679 1033 748 (Ι
1065 672 1364 735 Homilia
1395 669 1585 736 beati¹
1624 671 1685 734 G
1688 670 1935 752 regorzj
1939 680 2123 754 pape.

354 784 699 913 MVltis
744 785 934 849 vobis
967 786 1356 850 lectionibus
1389 787 1622 849 fratres
1655 785 2016 848 charissimi
2051 804 2165 867 per
2196 785 2519 847 dictatum
2569 783 2750 867 loqui

549 874 884 949 consueui‚
915 877 1032 937 sed
1066 874 1223 956 quia
1255 871 1651 936 lacescente2
1681 872 2029 935 stomacho
2053 892 2132 934 ea
2163 892 2291 953 que
2324 872 2754 948 dictaueram,

340 959 555 1039 legere
631 960 771 1042 ipse
846 981 975 1023 non
1040 981 1331 1044 possum,
1407 960 1734 1043 quosdam
1811 969 2099 1022 vestrum
2179 960 2395 1021 minus
2472 960 2752 1023 libenter

340 1045 683 1108 audientes
707 1048 981 1111 intueor.
1071 1048 1271 1110 Vnde
1305 1069 1478 1110 nunc
1500 1068 1539 1110 a
1573 1047 1970 1128 memetipso
1993 1044 2204 1109 exire³
2233 1057 2463 1109 contra
2496 1066 2747 1110 morem

340 1132 493 1194 volo
523 1157 536 1196 :
611 1143 684 1196 vt
759 1135 931 1197 inter
1004 1155 1189 1197 sacra
1267 1136 1614 1197 missarum
1711 1133 2034 1196 solemnia
2107 1131 2459 1196 lectionem
2537 1135 2748 1197 sancti

338 1220 689 1301 euangelij,
749 1242 882 1284 non
959 1221 1311 1285 dictando:
1389 1223 1504 1285 sed
1572 1221 2017 1302 colloquendo
2087 1221 2463 1296 edisseram,
2525 1222 2752 1302 sicque

337 1307 711 1390 excipiatur
740 1318 812 1371 vt
844 1308 1189 1391 loquimur.
1281 1308 1457 1391 Quia
1489 1308 1946 1371 collocutionis
1978 1328 2112 1369 vox
2146 1308 2348 1370 corda
2379 1309 2710 1391 torpentia
2737 1332 2753 1370 :

338 1392 689 1475 plusquam
768 1395 1065 1458 lectionis
1140 1417 1357 1459 sermo
1431 1396 1705 1471 excitat,
1764 1408 1829 1458 et
1906 1395 2093 1478 quasi
2171 1394 2473 1478 quidam*
2548 1399 2748 1458 manu

338 1481 774 1544 solicitudinis
828 1491 899 1544 vt
947 1482 1266 1565 euigilent
1315 1483 1551 1566 pulsat.
1644 1483 1734 1545 Et
1783 1482 2053 1563 quidem
2107 1481 2192 1543 ad
2243 1481 2367 1544 hoc
2422 1502 2591 1564 opus
2642 1503 2749 1545 me

339 1567 635 1630 sufficere
669 1590 861 1651 posse
882 1590 1013 1632 non
1048 1571 1242 1633 video
1270 1593 1283 1632 :
1332 1571 1446 1633 sed
1468 1580 1693 1632 tamen
1730 1570 1897 1631 vir‘es
1917 1589 2084 1651 quas
2112 1569 2439 1651 imperitia
2459 1569 2749 1651 denegat

340 1654 624 1716 charitas
674 1655 975 1720 mistrat.⁵
1068 1657 1223 1721 Scio
1274 1677 1562 1738 namque
1616 1657 1730 1739 qui
1787 1655 1978 1719 dixit.
2070 1655 2276 1737 Aperi
2334 1676 2408 1717 os
2441 1668 2628 1718 tuum
2679 1666 2748 1718 et

340 1741 726 1823 adimplebo
759 1744 938 1807 illud.
1031 1744 1292 1822 Bonum
1328 1765 1486 1825 ergo
1518 1764 1687 1825 opus
1721 1743 1912 1805 nobis
1947 1745 2010 1805 in
2046 1742 2389 1805 voluntate
2421 1743 2543 1805 sit:
2592 1763 2748 1806 nam

340 1849 428 1891 ex
462 1828 691 1891 diuino
715 1829 1046 1894 adiutorio
1076 1832 1199 1894 erit
1232 1833 1297 1893 in
1325 1831 1728 1914 perfectione
1764 1831 1902 1893 Dat
1929 1829 2242 1912 loquendi
2277 1850 2510 1892 ausum
2545 1832 2746 1892 etiam

344 1918 837 1979 resurrectionis
870 1917 1202 1980 dominice
1241 1927 1428 1981 tanta
1460 1917 1839 1980 solennitas,
1933 1914 2136 2000 Quia⁶
2173 1916 2522 1998 indignum
2556 1916 2753 1979 valde

339 2012 441 2065 est
473 2013 542 2065 vt
572 2023 655 2066 eo
676 2005 784 2066 die
817 2004 1047 2068 laudes
1081 2005 1341 2069 debitas
1372 2015 1590 2068 taceat
1625 2005 1852 2085 lingua
1885 2005 2117 2080 carniS,
2140 2023 2273 2084 quo
2305 2003 2612 2067 videlicet
2643 2003 2753 2066 die

340 2110 493 2152 caro
526 2093 884 2154 resurrexit
929 2094 1235 2167 auctori5‚
1274 2092 1577 2155 Audistis
1624 2092 1856 2154 fratres
1894 2091 2260 2153 charissimi
2309 2093 2488 2172 quod
2520 2101 2752 2154 sancte

342 2176 647 2240 mulieres
723 2198 852 2259 que
914 2179 1258 2242 dominum
1347 2179 1607 2242 fuerant
1684 2189 1908 2241 secute
1967 2198 2117 2240 cum
2181 2179 2589 2240 aromatibus
2665 2179 2749 2240 ad

343 2276 844 2327 monumentum
896 2275 1235 2344 venerunt,
1265 2275 1333 2329 et
1364 2268 1423 2328 ei
1471 2286 1669 2348 quem
1719 2266 2054 2329 viuentem
2089 2264 2498 2328 dilexerant:
2545 2265 2750 2327 etiam

340 2360 602 2413 mortuo
649 2354 871 2415 studio
902 2354 1337 2416 humanitatis
1384 2354 1854 2434 obsequuntur.
1949 2351 2083 2416 Sed
2120 2373 2220 2414 res
2265 2361 2455 2433 gesta
2502 2350 2752 2433 aliquid

337 2439 401 2500 in
434 2436 692 2501 ⁷sancta
737 2438 1039 2502 ecclesia⁷
1070 2441 1398 2520 significat
1444 2441 1825 2521 gerendum.
1919 2438 2029 2503 Sic
2075 2440 2320 2521 quippe
2353 2459 2620 2501 necesse
2652 2449 2753 2501 est

338 2534 409 2587 vt
441 2526 790 2589 audiamus
821 2548 950 2608 que
983 2527 1158 2590 facta
1188 2537 1359 2603 sunt,
1380 2536 1711 2609 quatenus
1735 2527 2134 2609 cogitamus⁸
2164 2527 2365 2589 etiam
2400 2546 2529 2607 que
2561 2525 2754 2588 nobis

339 2624 492 2675 sunt
523 2634 610 2675 ex
644 2634 872 2677 eorum
908 2617 1278 2678 imitatione
1327 2615 1645 2679 facienda.
1741 2616 1831 2678 Et
1862 2635 1984 2677 nos
2015 2634 2173 2695 ergo
2221 2615 2282 2675 in
2319 2634 2472 2676 eum
2507 2614 2619 2694 qui
2652 2625 2755 2676 est

340 2708 637 2763 mortuus
711 2701 1055 2765 credentes
1129 2703 1181 2765 si
1245 2703 1447 2766 odore
1506 2704 1826 2765 virtutum
1892 2699 2142 2764 refecti⁹
2213 2720 2363 2762 cum
2441 2702 2756 2783 opinione

334 2785 660 2850 bonorum
694 2809 967 2871 operum
999 2789 1346 2852 dominum
1380 2790 1736 2871 querimu5‚
1781 2788 1864 2851 ad
1900 2797 2407 2851 monumentum
2456 2787 2756 2870 profecto

341 2873 515 2935 illius
543 2895 696 2937 cum
731 2876 1140 2940 aromatibus
1172 2878 1492 2939 venimus.

463 2961 630 3023 Post
672 2963 930 3025 tertiam
976 2964 1296 3026 lectionem
1328 2964 1583 3026 dicitur.
1676 2963 1776 3025 Te
1807 2961 2007 3024 deum
2056 2962 2425 3025 laudamus,
2511 2971 2758 3041 semper

339 3068 532 3129 ‘osque
561 3048 659 3110 ad
677 3049 1048 3115 aduentum.

465 3140 531 3209 (Ι
563 3135 688 3197 Ad
724 3137 948 3199 laudes
996 3136 1364 3218 antiphona.
1455 3135 1828 3220 [Halleluia
1879 3134 2074 3217 Ex]¹⁰
2126 3136 2365 3212 urrexi,
2412 3145 2481 3198 et
2527 3133 2747 3198 adhuc

340 3230 562 3284 tecum
596 3242 779 3285 sum:
826 3223 1154 3289 halleluia.

467 3309 719 3371 Deinde
748 3311 1058 3373 dictmtur
1083 3311 1337 3391 psalmi
1362 3321 1422 3373 et
1468 3310 1776 3392 repetitur
1801 3309 2154 3389 antiphona
2200 3329 2373 3370 more
2414 3308 2599 3371 solito
2623 3332 2647 3371 .·
2693 3318 2756 3370 et

319 3405 473 3476 post
528 3396 947 3478 antiphonam
1002 3398 1257 3462 dicitur.
1354 3398 1499 3460 Hec
1560 3396 1709 3460 estll
1771 3396 1912 3459 dies
1957 3416 2159 3477 quarn
2223 3396 2377 3458 fecit
2423 3395 2754 3471 dominuS,

336 3482 717 3546 exultemus
749 3493 817 3547 et
849 3484 1129 3548 letemur
1161 3487 1223 3548 in
1257 3483 1386 3547 ea¹²²
1413 3484 1766 3559 Halleluia,
1784 3494 1846 3546 et
1871 3483 2130 3564 sicfieri
2155 3482 2332 3545 debet
2359 3483 2429 3544 in
2460 3482 2758 3546 omnibus

337 3567 516 3631 horis
530 3580 655 3650 per
683 3580 881 3633 totam
913 3582 1219 3634 octauam.
1328 3570 1578 3637 Versus,
1674 3572 1964 3634 Domine
1996 3570 2264 3646 exaudi,
2296 3580 2418 3634 etc.

1430 3721 1674 3785 Oratio.

352 3831 630 3961 DEus
662 3835 773 3914 qui
823 3834 1142 3896 hodierna
1174 3834 1281 3896 die
1313 3854 1428 3917 per
1474 3835 1887 3916 vnigenitum
1923 3842 2111 3895 tuum
2160 3832 2530 3895 eternitatis
2562 3831 2755 3894 nobis

516 3920 771 3983 aditum
795 3920 1060 3983 deuicta
1094 3931 1304 3983 morte
1332 3923 1629 3983 reserasti
1659 3945 1671 3982 ε
1719 3929 1874 3982 vota
1907 3930 2132 3982 nostra
2155 3940 2284 4001 que
2307 3919 2756 4002 preueniendo

339 4006 627 4088 aspiras:
674 4008 876 4070 etiam
910 4008 1295 4071 adiuuando
1329 4028 1742 4091 prosequere.
1777 4028 1891 4090 per
1923 4008 2229 4070 eundem.

439 4139 453 4169 ¹
490 4144 653 4191 sumti
672 4160 685 4191 :
723 4155 799 4206 39.
829 4156 909 4205 41.
939 4143 1018 4206 63.

438 4204 461 4235 ²
494 4208 824 4257 lassescente:
863 4222 941 4272 39.
970 4222 1050 4270 41.
1091 4209 1169 4259 60.
1201 4209 1280 4259 61.
1310 4209 1387 4270 64.
1461 4210 1765 4259 lacessente:
1802 4209 1881 4271 63.

435 4270 458 4365 ἔ
490 4273 720 4348 exigere:
758 4284 959 4387 39.8etc.
1317 4272 1339 4367 ἓ
1370 4274 1613 4339 quaedam
1639 4293 1651 4325 :
1688 4274 1766 4336 38.
1826 4273 2076 4337 quadam:
2114 4285 2190 4336 39.
2221 4281 2314 4323 etc.

434 4349 780 4452 721ῐέιέἑῖἓὲἰᾷ
803 4349 1008 4454 {ancethc}
1046 4417 1123 4467 39.
1325 4402 1345 4433 ⁸
1373 4342 1711 4467 {bgiilelnciusw
1725 4350 1926 4467 {geta
2142 4401 2163 4432 ⁹
2197 4402 2359 4451 referti
2383 4419 2395 4452 :
2433 4414 2511 4465 39.
2541 4414 2620 4461 41.
2641 4400 2723 4463 63.

437 4464 476 4495 ¹⁰
519 4468 667 4516 These
688 4472 849 4518 words
871 4470 994 4519 have
1011 4470 1171 4531 fallen
1194 4477 1279 4517 out
1302 4471 1359 4518 iu
1384 4481 1460 4533 37.
1506 4470 1760 4518 Halleluia
1789 4471 1862 4517 Ex
1886 4487 1898 4517 :
1935 4469 2045 4517 add.
2077 4467 2154 4531 38.
2183 4478 2275 4517 etc.

436 4530 472 4562 ¹¹
507 4549 599 4582 om.
624 4546 702 4596 39.
731 4546 810 4594 41.
840 4534 917 4595 64.
1528 4533 1568 4564 ¹²³
1600 4535 1707 4583 eis:
1744 4534 1822 4597 63.
