3293 5225
517 461 611 497 222
777 452 831 496 S.
846 449 1019 497 JBBA
1033 450 1125 498 TO
1160 449 1453 498 DOMINI
1453 449 1496 497 C
1495 449 1601 497 ΑΕ
1632 449 1694 497 X
1705 448 1820 497 Vll.
1862 450 2057 498 POST
2084 450 2115 497 Ι
2119 449 2244 498 ’EN
2247 450 2296 498 T
2291 450 2341 498 E
2347 451 2390 498 C
2394 449 2519 498 057
2525 451 2651 498 ἸΞΛΖ

760 683 891 747 Exl
921 684 1185 766 epistola
1217 684 1429 747 Pauli
1452 684 1549 746 ad
1572 684 2064 766 Plutsppensesfl
2152 684 2364 747 Lectio
2393 685 2686 747 secunda.

636 809 857 873 Aulus
886 820 955 873 et
987 810 1385 872 Timotheus
1417 809 1590 872 serui
1628 809 1780 871 Iesu
1818 809 2062 874 Christi
2213 810 2353 872 siue
2390 831 2506 891 per
2537 811 2762 884 vitam,
2793 811 2938 872 siue

667 918 783 980 per
816 907 1116 960 mortem.

1042 1074 1108 1143 (I
1140 1067 1338 1129 Fert'a
1368 1065 1534 1149 ·²²²J-³
1622 1067 1693 1132 ²2⁴
1722 1067 2021 1150 Regum.‘'’
2110 1068 2324 1131 Lectio
2353 1069 2412 1132 ,ιζ

518 1191 917 1322 Cquue
970 1190 1313 1254 transisset
1366 1189 1568 1252 dauid
1625 1209 1715 1251 ex
1766 1190 2051 1251 aduerso
2200 1199 2265 1251 et
2301 1188 2462 1252 Saul
2502 1210 2799 1251 reuersus
2831 1202 2932 1254 est

672 1278 739 1339 in
774 1276 991 1340 locum
1025 1296 1237 1339 suum.

774 1448 886 1511 Ex
905 1448 1165 1529 epistola
1197 1447 1408 1509 Pauli
1430 1448 1527 1509 ad
1550 1447 2042 1528 Philzjopensesfl
2134 1449 2347 1510 Lectio
2376 1449 2668 1510 secunda.

698 1568 799 1631 Ihi
862 1569 1040 1631 enim
1101 1568 1322 1631 viuere
1385 1567 1690 1631 Christus
1756 1578 1858 1630 est
2095 1568 2252 1650 quia
2332 1567 2664 1630 Dominus
2745 1568 2937 1630 Iesus

725 1655 1028 1720 Christus
1060 1654 1124 1717 in
1157 1652 1467 1737 gloriam⁷
1498 1655 1605 1717 dei
1639 1656 1853 1738 patris

758 1826 826 1895 ΙΙ
856 1820 1055 1883 Feria
1083 1820 1335 1901 quinta.
1421 1818 1534 1881 Ex
1545 1819 1795 1899 primos
1825 1818 2126 1901 Regum.⁹
2213 1819 2427 1882 Lectio
2444 1820 2689 1899 prima.

656 1941 716 2005 T
770 1942 861 2004 ait
915 1940 1136 2003 Dauid
1189 1940 1255 2002 in
1306 1939 1507 2002 corde
1555 1959 1678 2003 suo
1841 1940 1964 2003 erit
1999 1940 2198 2023 igitur
2231 1939 2390 2003 mihi
2425 1961 2651 2003 seruus
2686 1940 2929 2021 sempi-

683 2040 930 2092 ternus,

770 2201 876 2263 Ex
903 2201 1165 2282 epistola
1195 2199 1408 2261 Pauli
1430 2200 1527 2261 ad
1549 2198 2062 2281 Plutzppenses.¹⁰
2150 2202 2362 2263 Lectio
2390 2203 2679 2264 secunda.

529 2323 833 2450 ITaque
886 2320 1251 2384 charissimi
1306 2321 1454 2397 mei,
1500 2321 1671 2383 sicut
1726 2340 1989 2402 semper
2038 2320 2359 2384 obedistis
2516 2343 2672 2404 erga
2705 2343 2929 2385 meum

625 2409 1036 2490 obsequium.

1005 2587 1071 2657 (I
1102 2581 1300 2644 Feria
1330 2581 1433 2645 .sz
1465 2580 1578 2645 Ex
1607 2581 1668 2645 .i.
1701 2580 2021 2665 Regusn.¹¹
2114 2583 2328 2647 Lectio
2358 2584 2416 2648 j.

645 2701 896 2766 Actum
947 2713 1049 2765 est
1102 2714 1326 2766 autem
1385 2702 1450 2764 in
1502 2703 1741 2765 diebus
1796 2703 1920 2765 illis
2105 2723 2305 2785 super
2353 2704 2586 2766 faciem
2635 2725 2821 2766 suam
2860 2704 2927 2766 in

673 2801 846 2852 terra
877 2801 945 2853 et
975 2789 1294 2852 adorauit.

745 2966 857 3029 Ex
881 2967 1146 3048 epistola
1177 2967 1390 3029 Pauli
1413 2968 1512 3029 ad
1534 2966 2047 3049 Pltilsppensesstss'
2139 2969 2351 3031 Lectio
2380 2971 2671 3033 secunda.

667 3088 723 3149 E
771 3097 990 3149 cetero
1035 3086 1266 3150 fratres
1301 3088 1448 3162 mei,
1481 3089 1771 3168 gaudete
1805 3089 1869 3149 in
1908 3088 2204 3150 Domino
2355 3090 2613 3152 virtutis
2647 3111 2760 3151 suc
2793 3110 2930 3171 qua

691 3175 891 3236 etiam
928 3175 1138 3255 possit
1170 3173 1491 3254 subijcere
1522 3175 1648 3237 sibi
1683 3176 1924 3237 omnia.

844 3347 910 3416 (I
945 3340 1242 3404 Sabbata
1334 3341 1445 3404 Ex
1459 3343 1682 3423 primo
1714 3341 2038 3424 &Qud-‘³
2127 3344 2341 3406 Lectio
2359 3344 2603 3424 prima.

668 3462 804 3524 Ixit
866 3471 1087 3524 autem
1153 3462 1424 3526 Samuel
1475 3465 1560 3526 ad
1614 3463 1775 3526 Saul
1966 3463 2477 3527 ambulauerunt
2535 3486 2649 3544 per
2710 3478 2924 3526 totam

692 3559 956 3611 noctem
991 3549 1190 3612 illam.

770 3710 884 3772 Ex
910 3711 1172 3791 eptktola
1205 3711 1414 3773 Pauli
1440 3713 1535 3773 ad
1558 3711 2069 3793 Philtppcnscs.¹¹
2158 3715 2370 3777 Lectio
2400 3737 2537 3776 secu
2545 3717 2688 3776 ndo.

527 3829 829 3958 ITaque
892 3828 1123 3892 fratres
1187 3831 1315 3892 mei
1375 3830 1738 3893 charissimi
1795 3844 1858 3894 et
1915 3834 2482 3914 desyderatissimi
2693 3834 2926 3897 Gratia

623 3918 876 3978 domini
911 3918 1113 3979 nostri
1154 3917 1299 3978 Iesu
1335 3918 1558 3980 christi
1593 3939 1746 3981 cum
1780 3921 2012 4001 spiritu
2046 3931 2282 3984 vestro,
2381 3922 2618 3983 Amen.

612 4112 622 4140 ¹
661 4129 752 4160 om.
781 4125 861 4172 49.
892 4112 970 4174 63.
1000 4111 1077 4159 66.
1683 4112 1706 4142 ‘⁴³
1738 4113 1862 4178 Cap.
1922 4128 1938 4162 1
1970 4116 2027 4162 in
2052 4133 2115 4163 m.
2147 4117 2198 4175 [i.
2237 4118 2401 4177 1—20.]

609 4178 629 4203 ³
662 4194 757 4226 ex:
781 4179 890 4226 add.
922 4176 998 4239 38.
1029 4188 1123 4226 etc.
1685 4176 1705 4207 ⁴
1739 4180 1901 4227 libro:
1935 4183 2045 4229 add.
2075 4194 2154 4243 43.

609 4242 630 4315 ᾗ
664 4244 814 4303 [xxvi.
851 4243 1049 4305 13-25.]
1701 4241 1722 4272 ⁶
1755 4244 1808 4304 [i.
1840 4246 2017 4294 21--ii.
2054 4248 2154 4307 11.]

614 4318 623 4337 ¹
661 4309 820 4377 gloria
843 4319 915 4383 est
940 4326 951 4356 :
990 4320 1067 4369 39.
1097 4319 1285 4382 41244·
1315 4320 1393 4369 49.
1424 4308 1502 4356 61.
1533 4308 1612 4371 63.
1644 4309 1723 4402 ὀὴ
1755 4309 1831 4385 665
2270 4312 2290 4340 ὅ
2325 4313 2485 4359 libro:
2521 4315 2630 4360 add.
2661 4325 2737 4373 43.
2772 4312 2850 4359 66.

610 4373 630 4401 ⁹
663 4375 754 4422 Ca.
786 4383 844 4433 27
872 4389 927 4420 tn
955 4389 1020 4421 m.
1049 4373 1220 4431 [xxvn.
1256 4374 1421 4433 1-12.]
1720 4372 1740 4401 ⁰
1772 4375 1842 4433 [n.
1879 4377 2078 4438 12-30.]

592 4438 623 4467 ¹¹
663 4440 749 4487 Ca.
781 4439 843 4486 28
868 4439 924 4485 in
948 4454 1012 4486 m.
1042 4438 1229 4497 [xxviii.
1266 4440 1432 4498 1—14.]
1707 4437 1746 4468 ¹²
1779 4438 1866 4489 Ca.
1898 4452 1927 4502 3
1953 4442 2010 4488 ln
2034 4458 2098 4489 m.
2128 4441 2219 4501 [iii.
2255 4455 2390 4490 1—21.

592 4503 626 4532 ¹³³
661 4503 849 4563 [xxviii.
886 4505 1084 4566 15-25.]
1707 4504 1745 4533 ¹⁴
1779 4506 1866 4553 Ca.
1897 4521 1928 4566 4
1953 4507 2009 4553 iu
2034 4524 2098 4554 m.
2128 4507 2213 4567 [iv.
2249 4444 2420 4569 &23³
