3293 5225
698 479 929 527 FERJA
979 480 1033 527 V.
1073 479 1515 528 DOMJNJC.-1E
1547 480 1671 529 XV.
1711 481 1906 530 POST
1930 479 2499 529 PENTECOSTEN.
2708 489 2801 536 217

1467 695 1713 759 Oratio.

529 805 855 871 Celesiam
918 816 1103 870 tuam
1166 807 1438 870 domine
1500 808 1837 871 miseratio
1913 808 2303 871 continuata
2380 807 2658 869 mundet
2734 816 2801 868 et

572 894 864 956 muniat:
907 903 976 957 et
1021 894 1176 975 quia
1228 895 1369 957 sine
1424 905 1490 958 te
1540 915 1676 958 non
1729 903 1950 977 potest
2005 894 2192 957 salua
2241 895 2635 957 consistere:
2684 903 2802 955 tuo

385 1000 649 1063 semper
680 1000 952 1044 munere
982 980 1425 1063 gubernetur:
1474 981 1598 1044 Per
1629 982 1996 1045 dominum.

844 1165 912 1235 (Ι
959 1159 1158 1221 Feria
1189 1159 1275 1240 ‚ill
1366 1160 1489 1222 Ex.
1538 1161 1597 1223 .i.
1629 1157 1930 1242 Regum.l
2018 1159 2234 1223 Lectio
2264 1161 2322 1224 .i.

399 1271 680 1398 FVgit
712 1281 936 1335 autem
975 1271 1198 1334 Dauid
1221 1271 1307 1334 de
1341 1273 1403 1335 N
1408 1272 1592 1334 aioth
1745 1291 1878 1334 non
1910 1273 2304 1336 annuntiem
2337 1273 2481 1336 tibi.

671 1509 739 1578 (Ι
782 1503 896 1566 Ex
920 1504 1181 1584 epistola
1212 1504 1423 1565 Pauli
1448 1504 1545 1566 ad
1570 1503 1896 1569 Hebreos.²
1985 1505 2197 1567 Lectio
2225 1504 2516 1567 secunda.

399 1615 845 1743 PRopterea
877 1616 1331 1678 abundantius
1362 1627 1627 1699 oportet
1675 1615 2031 1679 obseruare
2083 1637 2204 1679 nos
2253 1637 2332 1679 ea
2381 1637 2512 1697 que
2706 1617 2802 1677 eis

548 1704 662 1783 qui
694 1712 1039 1767 tentantur
1082 1703 1405 1766 auxiliari.

624 1884 692 1953 (Ι
737 1879 935 1941 Feria
967 1879 1178 1943 tertia.
1270 1879 1381 1941 Ex
1394 1878 1640 1960 primo³
1672 1879 1976 1960 Regumfl
2061 1879 2277 1942 Lectio
2293 1880 2536 1960 prima.

398 1991 997 2118 REsponditque
1033 1991 1255 2090 Dauicl
1290 1991 1373 2052 ad
1415 1991 1743 2053 Ionathan
1896 1992 1979 2055 sit
2011 1993 2321 2054 dominus
2355 1991 2525 2055 inter
2579 2012 2683 2054 me
2731 2003 2797 2053 et

573 2092 655 2152 te,
686 2098 892 2159 vsque
925 2099 989 2139 m
1024 2088 1518 2159 sempiternum.

667 2245 733 2314 (Ι
780 2240 891 2301 Ex
916 2240 1176 2320 epistola
1205 2240 1418 2302 Pauli
1441 2241 1537 2301 ad
1565 2240 1885 2304 Hebreos.⁵
1975 2241 2186 2304 Lectio
2215 2243 2505 2304 secunda.

521 2351 673 2413 Nde
736 2351 968 2414 fratres
1030 2352 1286 2428 sancti,⁶
1348 2354 1715 2416 vocationis
1775 2353 2036 2416 celestis
2098 2355 2454 2437 participes
2663 2375 2793 2415 non

562 2448 921 2520 potuerunt
983 2440 1254 2502 introire
1313 2437 1406 2501 ‘7in
1472 2443 1766 2521 requiem
1831 2439 2062 2524 ipsius⁷
2125 2454 2395 2523 propter
2447 2441 2796 2503 increduli·

382 2534 610 2588 tatem.

614 2694 680 2763 (Ι
726 2689 924 2751 Feria
953 2699 1206 2770 quarta.
1298 2689 1410 2751 Ex
1420 2689 1668 2771 primoss
1699 2690 2001 2770 Regum.⁰
2092 2691 2303 2753 Lectio
2320 2692 2564 2772 prima.

385 2800 928 2928 ABsconditus
961 2812 1058 2864 est
1091 2822 1252 2883 ergo
1289 2802 1511 2863 Dauid
1663 2812 1733 2864 vt
1768 2802 2163 2865 interficeret
2196 2804 2415 2866 dauid.

634 3048 700 3117 (Ι
745 3043 857 3105 Ex
883 3043 1142 3123 epistola
1174 3043 1388 3105 Pauli
1410 3043 1506 3104 ad
1530 3042 1885 3107 Hebreos.¹⁰
1975 3044 2187 3106 Lectio
2216 3045 2508 3108 secunda.

518 3155 853 3217 Imeamus
913 3176 1073 3239 ergo
1151 3177 1233 3218 ne
1297 3157 1465 3219 sorte
1527 3156 1758 3219 relicta
1819 3156 2301 3239 pollicitatione
2508 3158 2792 3240 gratiam

515 3243 931 3304 inueniamus
962 3243 1027 3304 in
1063 3244 1317 3306 auxilio
1348 3257 1748 3326 opportuno,

629 3410 695 3479 (Ι
742 3404 943 3467 Feria
971 3405 1221 3487 quinta.
1312 3406 1424 3467 Ex
1442 3406 1661 3487 primo
1692 3404 2017 3488 Regum.¹¹
2108 3407 2320 3468 Lectio
2335 3406 2581 3487 prima.

382 3515 759 3647 SVrrexit
793 3537 952 3599 ergo
987 3517 1309 3581 Ionathas
1339 3539 1380 3580 a
1414 3538 1644 3581 mensa
1794 3528 1865 3581 vt
1899 3528 2304 3600 ponerentur
2336 3539 2544 3601 panes
2577 3519 2792 3581 calidi.

657 3774 723 3843 (Ι
770 3768 882 3829 Ex
908 3768 1170 3848 epistola
1200 3768 1416 3831 Pauli
1438 3769 1535 3831 ad
1558 3768 1634 3831 H
1635 3767 1918 3831 ebreos.¹²²
1993 3769 2207 3831 Lectio
2237 3770 2526 3831 secunda.

386 3878 712 4009 OMnis
743 3879 1086 3961 namque¹³
1119 3881 1426 3963 pontifex
1474 3902 1563 3943 ex
1599 3881 1983 3944 hominibus
2015 3892 2401 3964 assumptus
2549 3883 2791 3944 discre-

572 3967 824 4029 tionem
858 3968 1017 4030 boni
1052 3966 1187 4031 acl*
1220 3968 1393 4032 mali.

477 4155 489 4184 ¹
529 4158 617 4205 Ca.
650 4170 715 4205 20
736 4158 793 4205 in
820 4174 883 4205 m.
916 4158 1017 4217 [xx.
1054 4160 1188 4218 1—9.]
1684 4156 1706 4187 ‘²
1739 4158 1828 4207 Ca.
1859 4170 1889 4206 2
1916 4159 1972 4205 in
1998 4176 2061 4207 m.
2093 4159 2164 4218 [ii.
2201 4157 2366 4219 1-18.]

475 4221 495 4247 ³
528 4223 689 4269 libro:
722 4225 832 4271 add.
862 4236 941 4285 43.
972 4223 1049 4285 63.
1081 4223 1158 4271 66.
1687 4223 1704 4251 ⁴
1738 4224 1840 4282 [xx.
1876 4225 2075 4286 10-23.]

476 4285 653 4387 ζ-(Ῐῖειρ.
686 4300 729 4350 3.
761 4289 818 4335 in
843 4304 907 4337 ne.
937 4289 1025 4347 [iii.
1063 4289 1230 4348 1—19.]
1687 4286 1708 4381 Ξ
1740 4297 1909 4401 ῗὲὶνῐῖεῗ
1928 4307 1939 4336 :
1935 4301 2055 4401 ‘133

478 4416 499 4445 ⁹
532 4365 867 4481 [xxinzlajgss]
1665 4418 1705 4447 ¹⁰
1735 4420 1823 4468 Ca.
1853 4392 1966 4478 4·in
1991 4390 2054 4467 ni.
2074 4367 2176 4467 2371.
2208 4418 2285 4481 38.
2359 4420 2444 4478 [iv.
2482 4419 2646 4480 1—-16,]

480 4481 520 4576 :¹3
551 4483 652 4542 [xx.
683 4483 910 4546 34—xxi.
941 4484 1015 4543 6.]
1659 4482 1700 4512 ¹¹²
1733 4486 1820 4533 Ca.
1854 4496 1880 4546 5
1906 4486 1961 4532 in
1987 4501 2052 4531 m.
2082 4485 2150 4543 [v.
2187 4486 2344 4544 1-14].
2375 4500 2437 4545 4:
2475 4485 2553 4547 63.

498 4564 506 4574 ·
552 4560 751 4597 autem:
790 4549 869 4597 61.
1665 4546 1704 4577 ¹⁴
1737 4559 1818 4597 et:
1856 4549 1934 4597 61.
1965 4549 2042 4609 64.
