3293 5225
885 431 1113 479 FERIA
1154 431 1260 478 ΙΙΙ.
1299 431 1849 479 HEBDOMADAE
1881 431 2246 479 SANCTAE.
2684 441 2770 491 127

1126 640 1192 709 (Ι
1216 634 1340 696 Ad
1362 635 1585 696 laudes
1613 634 2009 715 Antiphonti.

496 745 697 809 Salua
732 767 838 808 me
868 767 955 809 ex
985 767 1097 809 ore
1122 747 1345 823 leoniS,
1378 756 1445 808 et
1477 767 1516 808 a
1549 747 1855 809 cornibus
1888 746 2293 809 vnicornium
2330 746 2771 808 humilitatem

368 852 602 895 meam.

1457 955 1701 1018 Oratio.

382 1066 580 1194 DA
641 1087 1000 1148 quesumus
1061 1068 1487 1148 omnipotens
1537 1067 1760 1130 Deus:
1811 1077 1881 1129 vt
1928 1068 2038 1147 qui
2088 1067 2150 1128 in
2201 1077 2301 1130 tot
2348 1068 2641 1130 aduersis
2687 1089 2773 1129 ex

545 1165 768 1216 nostra
803 1155 1183 1217 infirmitate
1228 1155 1614 1218 deficimus:
1665 1155 2114 1218 intercedente
2147 1156 2467 1236 vnigeniti
2515 1154 2628 1235 filij
2679 1156 2774 1217 tui

367 1241 669 1321 passione
702 1241 1108 1324 respiremus,
1142 1240 1296 1324 per.1

1097 1385 1163 1454 (Ι
1196 1379 1255 1441 Α
1266 1380 1318 1441 α’
1340 1391 1630 1460 vesperas
1660 1380 1719 1441 Α
1733 1378 2054 1460 ntiplzona.

499 1490 923 1572 Aperuerunt
956 1512 1150 1573 super
1184 1514 1289 1554 me
1322 1514 1395 1553 os
1428 1513 1618 1554 suurn
1655 1492 1825 1554 sicut
1858 1491 1960 1553 leo
1993 1493 2271 1575 rapiens
2303 1503 2369 1554 et
2404 1493 2682 1575 rugiens

830 1634 896 1703 (Ι
926 1629 1125 1691 Feria
1158 1629 1267 1710 jis.
1299 1629 1395 1690 ad
1419 1630 1834 1692 matutinum.
1925 1628 2320 1709 Antiphona.

504 1739 842 1803 Foderunt
876 1761 1112 1803 manus
1146 1762 1341 1817 meaS,
1375 1752 1442 1804 et
1475 1740 1679 1824 pedes
1714 1762 1897 1804 meos
1935 1742 2522 1804 dinumerauerunt
2555 1743 2779 1805 omnia

369 1846 519 1887 ossa
554 1846 716 1889 mea.

1081 1971 1147 2040 (Ι
1178 1966 1289 2027 Ex
1316 1966 1383 2027 Z
1383 1965 1692 2029 amaria?
1779 1966 1990 2028 Lectio
2021 1967 2078 2030 ,ιζ

386 2077 513 2203 IN
565 2077 672 2139 die
719 2076 845 2153 illa,
891 2078 1012 2139 erit
1075 2078 1220 2139 sons
1269 2076 1529 2159 patens3
1589 2077 1816 2140 domui
1875 2078 2097 2140 Dauid
2289 2089 2354 2140 et
2405 2079 2543 2160 ipse
2590 2078 2782 2157 dicet,

482 2164 813 2226 Dominus
849 2164 1032 2226 Deus
1065 2185 1265 2226 meus.

977 2308 1043 2376 (Ι
1079 2302 1443 2365 Secundum
1477 2303 1766 2365 Lucanas*
1850 2302 2061 2364 Lectio
2092 2303 2177 2383 js.

382 2413 1095 2541 Appropinquabat5
1156 2427 1378 2476 autem
1442 2414 1583 2477 dies
1644 2415 1847 2478 festus
1908 2435 2317 2495 azymorum,
2370 2416 2481 2497 qui
2546 2416 2785 2478 dicitur

550 2501 799 2582 pascha
946 2514 1130 2564 orate
1162 2523 1245 2563 ne
1282 2504 1535 2564 intretis
1568 2504 1631 2564 in
1668 2504 2122 2565 tentationem.

720 2644 786 2712 (Ι
830 2638 1049 2700 Tertia
1079 2640 1269 2702 lectio.
1301 2660 1505 2701 sermo
1534 2641 1749 2701 sancti
1772 2641 1832 2701 A
1845 2641 2145 2721 agustini
2168 2641 2443 2721 episcopi.

530 2750 586 2812 E
622 2750 893 2812 domino
923 2761 990 2812 et
1022 2751 1351 2813 saluatore
1398 2761 1623 2813 nostro
1657 2751 1887 2814 fratres
1931 2751 2336 2815 dilectissimi
2368 2763 2523 2814 ante
2572 2752 2782 2815 multa

584 2846 886 2919 tempora
937 2838 1403 2920 prophetatum
1452 2849 1569 2900 est.
1684 2838 2032 2901 Ascendit6
2078 2839 2246 2900 sicut
2293 2839 2670 2919 virgultum,
2717 2850 2781 2902 et

377 2924 546 2985 sicut
579 2925 770 2985 radix
806 2924 887 2985 de
920 2935 1089 2987 terra
1121 2926 1385 2987 sitienti.
1477 2925 1702 3007 Quare
1734 2937 1803 2989 vt
1836 2927 2028 2987 radix
2056 2931 2082 2987 ?
2135 2925 2295 2987 Ideo
2327 2927 2483 3007 quia
2517 2947 2646 2987 non
2682 2936 2783 2988 est

380 3011 633 3091 species
666 3011 755 3072 illi
786 3036 799 3073 :
849 3030 1065 3093 neque
1097 3012 1323 3074 honor.
1419 3014 1660 3074 Passus
1704 3023 1822 3088 est,
1853 3013 2238 3075 humiliatus
2270 3024 2369 3074 est
2417 3027 2780 3092 consputus

379 3107 498 3172 est,
544 3118 674 3159 non
736 3098 1027 3161 habebat
1086 3100 1390 3181 speciem,
1440 3099 1643 3161 homo
1705 3099 2069 3181 apparebat
2130 3120 2280 3161 curn
2344 3111 2517 3162 esset
2583 3100 2782 3163 Deus,

384 3183 517 3246 Sed
580 3185 920 3264 quomodo
982 3187 1172 3248 radix
1238 3208 1368 3249 non
1445 3197 1546 3249 est
1607 3186 1895 3270 pulchra,
1939 3188 2054 3249 sed
2135 3188 2311 3249 intus
2373 3186 2573 3248 habet
2647 3189 2779 3249 vim

382 3270 887 3352 pulchritudinis
933 3294 1063 3335 sue.
1157 3274 1509 3336 Attendite
1555 3275 1788 3336 fratres
1836 3276 1982 3350 mei,
2013 3273 2233 3336 videte
2266 3274 2779 3335 misericordiam

386 3358 530 3433 Dei,
590 3361 943 3422 attendens
1018 3365 1321 3423 arborem
1399 3361 1761 3441 pulchram,
1821 3381 2148 3434 amenam,
2211 3360 2382 3441 solijs
2443 3362 2782 3437 virentem,

385 3444 704 3507 fructibus
775 3446 1179 3528 opulentam,
1240 3448 1492 3523 laudaS,
1553 3448 1837 3510 delectat
1898 3448 2146 3529 aliquid
2211 3448 2294 3509 de
2356 3448 2568 3510 fructu
2643 3450 2784 3510 eius

383 3552 668 3612 carpere,
743 3536 867 3595 sub
939 3535 1171 3596 vmbra
1246 3537 1384 3597 eius
1460 3536 1687 3597 sedere
1714 3533 1753 3596 ;7
1826 3546 1892 3596 et
1968 3536 2397 3616 requiescere¹5
2457 3536 2543 3596 ab
2616 3546 2779 3597 estu.

386 3618 654 3681 Laudas
701 3629 912 3682 totam
959 3621 1139 3683 illam
1188 3622 1763 3702 pulchritudinem.
1856 3622 1926 3685 Si
1975 3622 2166 3684 radix
2214 3621 2605 3684 ostendatur
2649 3621 2786 3696 tibi,

384 3704 563 3767 nulla
612 3706 1031 3785 pulchritudo
1092 3710 1156 3770 in
1203 3730 1283 3771 ea
1328 3718 1443 3771 est.
1538 3709 1694 3771 Noli
1740 3719 2164 3771 contemnere
2209 3709 2388 3789 quod
2450 3709 2781 3771 abiectum

384 3803 502 3868 est,
564 3793 715 3855 inde
776 3797 1091 3875 processit
1138 3797 1317 3877 quod
1367 3797 1640 3871 miraris,
1685 3807 1758 3859 vt
1804 3797 1995 3858 radix
2057 3797 2142 3858 sit
2191 3796 2254 3856 in
2304 3807 2474 3857 terra
2522 3797 2783 3858 sitienti.

389 3879 739 3942 Attendite
788 3882 989 3944 modo
1034 3882 1401 3945 claritatem
1464 3884 1733 3958 arboriS,
1779 3885 1985 3945 creuit
2029 3883 2323 3957 ecclesia,
2369 3883 2787 3945 crediderunt

384 3976 634 4046 gentes,
680 3969 833 4030 victi
881 3978 1035 4030 sunt
1082 3980 1250 4031 terre
1299 3972 1624 4051 principes
1671 3970 1794 4032 sub
1840 3971 2108 4032 nomine
2157 3969 2397 4033 Christi
2448 3979 2517 4032 vt
2563 3981 2784 4032 essent

384 4055 664 4115 victores
697 4055 761 4116 in
796 4055 953 4117 orbe
987 4067 1321 4118 terrarum.
1418 4059 1711 4119 Positum
1759 4066 1859 4120 est
1891 4055 2131 4119 collum
2167 4056 2291 4118 sub
2324 4056 2478 4135 iugo
2525 4056 2785 4120 Christi.

389 4140 984 4222 Persequebantur⁹
1042 4153 1198 4205 ante
1261 4143 1673 4206 Christianos
1734 4154 2002 4226 propter
2063 4144 2256 4219 idola,
2303 4154 2788 4225 persequuntur

484 4293 497 4321 ¹
534 4294 745 4344 eundem
768 4295 1026 4345 dominum
1054 4316 1065 4345 :
1098 4299 1208 4345 add.
1240 4310 1317 4360 39.
1347 4305 1440 4346 etc.
1681 4296 1703 4327 ²
1737 4298 1824 4346 Ca.
1861 4310 1916 4359 13
1941 4298 1998 4344 in
2024 4314 2086 4345 m.
2117 4297 2238 4356 [xiii.
2276 4298 2408 4358 1—9.]

481 4357 502 4387 ³
536 4376 746 4424 parens:
784 4373 860 4423 39.
1685 4361 1706 4392 ⁴
1741 4363 1828 4412 Ca.
1861 4376 1922 4411 22
1947 4364 2004 4410 in
2028 4380 2092 4410 m.
2122 4362 2260 4422 [xxii.
2295 4362 2461 4422 1—46.]

480 4422 503 4498 ζ’
536 4426 798 4490 Appropin
837 4426 1002 4475 uabit:
1039 4427 1117 4476 66.
1683 4426 1705 4457 ⁶
1754 4428 2019 4478 Ascende:
2054 4428 2133 4476 61.
2190 4426 2470 4476 Ascendet:
2508 4426 2586 4489 63.

486 4500 496 4520 '
533 4491 736 4540 sedete:
771 4503 801 4554 3
840 4529 850 4539 .
1194 4491 1215 4521 Β
1246 4492 1536 4558 requiscite:
1574 4491 1654 4556 38.
2005 4491 2027 4521 ⁹
2061 4493 2482 4557 Persequebatur:
2520 4492 2597 4552 64.
