3293 5225
972 454 1035 500 H
1032 455 1080 501 E
1082 454 1189 500 BD
1196 455 1351 501 OMA
1358 455 1461 502 DA
1499 455 1741 503 PRIMA
1780 458 1826 503 A
1834 457 1889 503 D
1901 457 1947 502 V
1943 457 1994 504 E
1994 457 2094 504 As?
2097 458 2209 506 ‘st
2741 472 2770 514 4
2778 469 2809 519 5

817 1057 883 1127 (1
930 1051 1129 1112 Faria
1157 1051 1433 1113 secunda
1463 1073 1541 1113 ex
1568 1050 1794 1115 [ςαία.1
1886 1052 2096 1113 Lectio
2114 1053 2357 1132 prima.

398 1166 441 1288 l
515 1163 835 1224 Auamini
870 1163 1100 1224 mundi
1133 1172 1349 1225 estote
1497 1174 1563 1225 et
1598 1183 1730 1225 non
1764 1165 1886 1226 erit
1918 1165 2028 1244 qui
2064 1164 2433 1246 extinguat.

458 1263 507 1288 A

880 1392 946 1462 ΙΙ
998 1385 1053 1448 S
1054 1387 1365 1448 emendum
1399 1385 1687 1450 Lucam.2
1776 1386 1986 1448 Lectio
2014 1387 2306 1451 secunda.

398 1498 532 1625 IN
570 1518 795 1560 mense
827 1508 1049 1560 autem
1085 1507 1282 1560 sexto
1431 1508 1497 1560 ct
1531 1518 1793 1560 reuersa
1826 1508 1926 1560 est
1961 1499 2024 1560 in
2059 1499 2336 1561 domum
2370 1518 2576 1560 suam.

517 1703 581 1772 (Ι
632 1696 917 1778 Sequens
961 1698 1154 1759 tertia
1199 1698 1374 1759 lectio
1420 1698 1688 1759 dicenda
1732 1707 1827 1759 est
1864 1697 1934 1759 in
1972 1698 2267 1759 omnibus
2294 1699 2586 1759 secundis
2597 1698 2810 1778 ferz‘js

380 1785 706 1846 aduentus
780 1785 1035 1866 quando
1117 1785 1370 1846 nullum
1453 1805 1591 1846 occu
1598 1784 1731 1846 rrit
1790 1785 2063 1864 festum,
2146 1784 2485 1866 excapitust
2568 1784 2802 1865 vegilia

384 1871 781 1948 natiuitatis,
809 1871 877 1933 si
903 1872 1207 1933 inciderit
1235 1872 1304 1933 in
1321 1872 1509 1951 feria
1538 1871 1828 1934 secunda.

676 2015 742 2085 ΙΙ
793 2008 1021 2071 Sermo
1049 2009 1264 2071 sancti
1289 2009 1663 2089 Augustini
1686 2008 1997 2089 Episcopi.
2086 2009 2300 2070 Lectio
2333 2009 2538 2072 tertia.

389 2121 805 2251 SAnctam,
834 2131 901 2182 et
948 2120 1454 2183 desiderabilem
1489 2120 1866 2202 gloriosam,
1897 2141 1974 2181 ac
2007 2120 2408 2202 singularem
2444 2121 2801 2184 solennita-

518 2217 674 2282 tem,
764 2208 918 2269 *hoc
1009 2220 1129 2282 est,
1191 2207 1645 2271 natiuitatem⁴
1734 2207 1988 2269 domini
2094 2207 2459 2281 saluatoris,
2570 2209 2802 2270 fratres

386 2295 819 2372 dilectissimi,
873 2294 1234 2357 deuotione
1282 2294 1667 2357 fidelissima
1714 2295 2107 2374 suscepturi,
2162 2295 2319 2357 totis
2371 2296 2616 2358 viribus
2681 2316 2800 2358 nos

385 2382 709 2443 debemus
784 2402 935 2444 cum
1000 2384 1206 2460 ipsius
1267 2381 1596 2444 adiutorio
1660 2402 2028 2464 preparare,
2088 2392 2155 2443 et
2216 2403 2449 2445 omnes
2513 2382 2803 2445 latebras

385 2470 611 2530 anime
664 2479 886 2531 nostre
943 2469 1294 2551 diligenter
1349 2469 1660 2551 aspicere,
1698 2490 1780 2531 ne
1836 2468 2004 2531 forte
2049 2469 2135 2530 sit
2183 2469 2245 2531 in
2298 2470 2488 2531 nobis
2532 2469 2800 2550 aliquod

388 2565 735 2638 peccatum
855 2555 1344 2631 absconditum,
1442 2554 1622 2638 quod
1729 2555 1820 2618 et⁵
1926 2556 2401 2619 conscientiam
2502 2569 2796 2620 nostram

382 2644 769 2719 confundat,
830 2664 907 2706 ac
985 2643 1287 2707 mordeat
1348 2654 1413 2706 et
1482 2643 1710 2706 oculos
1771 2644 1997 2706 diuine
2057 2644 2423 2706 maiestatis
2484 2644 2799 2709 offendat.

389 2731 565 2792 Nam
613 2731 764 2793 licet
811 2731 1110 2795 Christus
1142 2732 1452 2793 dominus
1496 2740 1724 2792 noster
1756 2740 1907 2812 post
1941 2731 2319 2811 passionem
2354 2734 2805 2806 resurrexerit,

381 2828 451 2879 et
528 2819 594 2879 in
669 2817 882 2880 celum
960 2819 1333 2880 ascenderit
1406 2817 1784 2880 considerat
1858 2834 2100 2892 tamen,
2177 2829 2248 2881 vt
2323 2818 2669 2891 credimus,
2735 2831 2801 2880 et

384 2904 738 2985 diligenter
790 2906 1095 2981 attendit,
1138 2905 1422 2987 qualiter
1473 2926 1541 2966 se
1587 2904 2040 2986 vnusquisque
2086 2926 2424 2967 seruorum
2474 2907 2613 2967 eius
2660 2907 2803 2968 sine

383 2993 677 3063 avaritia,
723 2993 863 3054 sine
913 2994 1023 3069 ira,
1066 2993 1208 3054 sine
1257 2992 1567 3074 superbia
1621 3004 1824 3072 atque
1878 2991 2141 3054 luxuria
2195 2992 2280 3055 ad
2336 2993 2799 3055 celebrandam

385 3080 528 3141 eius
622 3079 1040 3141 natiuitatem
1138 3080 1405 3142 studeat
1503 3099 1873 3160 preparare,
1947 3089 2148 3160 atque
2232 3100 2647 3161 componere.
2735 3092 2800 3142 ct

386 3165 754 3228 secundum
802 3166 982 3249 quod
1013 3186 1560 3248 vnumquemque
1609 3175 1916 3228 ornatum
1967 3166 2158 3228 bonis
2210 3167 2498 3229 moribus
2546 3168 2801 3239 viderit,

388 3255 483 3315 ita
532 3252 623 3315 illi
673 3256 957 3336 gratiam
1009 3273 1124 3316 sue
1179 3252 1624 3316 misericordie
1673 3253 2102 3334 dispensabit.
2195 3251 2295 3316 Si⁶
2340 3254 2516 3315 enim
2565 3255 2800 3317 viderit

389 3340 730 3403 charitatis
806 3340 950 3402 luce
1024 3341 1359 3416 vestitum,
1418 3340 1668 3402 iustitie
1729 3339 1830 3402 vel
1912 3340 2354 3403 misericordie
2429 3344 2802 3424 margaritis

387 3436 718 3504 ornatum,
747 3436 1025 3504 castum,
1054 3427 1393 3502 humilem,
1425 3425 1934 3501 misericordem,
1967 3426 2349 3508 benignum,
2383 3437 2446 3489 et
2494 3429 2806 3504 sobrium,

389 3515 443 3575 si
476 3513 678 3576 talem
711 3512 1101 3596 agnouerit,⁷
1126 3535 1365 3596 corpus
1390 3524 1457 3576 et
1477 3514 1870 3595 sanguinem
1898 3533 2089 3575 suum
2112 3513 2171 3575 ei
2199 3534 2328 3576 non
2357 3515 2442 3576 ad
2470 3515 2802 3591 iudicium,

392 3599 508 3663 sed
615 3601 701 3664 ad
807 3602 1170 3664 remedium
1272 3622 1387 3684 per
1483 3601 1904 3663 sacerdotum
1999 3621 2268 3663 suorum
2348 3602 2804 3679 ministerium,

391 3687 821 3770 dispensabit.
966 3688 1038 3752 Si
1114 3710 1272 3751 vero
1347 3687 1636 3767 aliquem
1700 3687 1939 3750 viderit
2000 3686 2400 3761 adulterum,
2447 3688 2802 3761 ebriosum,

390 3775 707 3857 cupidum
755 3784 823 3837 et
866 3776 1242 3858 superbum,
1275 3772 1508 3837 timeoss
1539 3774 1664 3837 hoc
1716 3776 1804 3837 illi
1837 3775 2111 3850 dicatur,
2143 3775 2322 3856 quod
2356 3777 2420 3837 in
2453 3777 2803 3858 euangelio

394 3862 708 3924 dominus
754 3863 895 3944 ipse
942 3863 1134 3930 dixit.
1177 3862 1435 3937 Amice,
1478 3863 1820 3942 quomodo
1869 3862 1998 3924 huc
2044 3861 2301 3923 intrasti
2353 3883 2484 3924 non
2549 3863 2803 3927 habens

392 3959 647 4011 vestem
697 3950 1111 4031 nuptialem?
1203 3950 1293 4012 Et
1346 3948 1525 4030 quod
1577 3948 1888 4010 dominus
1936 3958 2214 4024 auertat,
2247 3948 2361 4010 fiat
2411 3949 2573 4011 illud
2622 3952 2802 4030 quod

393 4038 688 4117 sequitur
751 4037 989 4119 Ligate
1052 4036 1141 4099 illi
1206 4056 1443 4098 manus
1497 4045 1564 4098 et
1619 4035 1840 4117 pedeS,
1892 4046 1958 4097 et
2022 4034 2322 4117 proijcite
2376 4037 2440 4097 in
2496 4038 2806 4099 tenebras

392 4125 776 4199 exterioreS,
834 4124 943 4186 vbi
1019 4133 1120 4185 est
1196 4122 1387 4186 fletus
1461 4132 1528 4185 et
1588 4122 1830 4185 stridor
1890 4122 2211 4186 dentium.
2302 4123 2475 4184 Ecce
2537 4126 2800 4205 qualem

394 4212 794 4273 sententiam
846 4213 912 4272 in
945 4209 1052 4273 die
1086 4210 1304 4292 iudicij
1340 4210 1648 4292 excipiet,
1679 4211 1790 4292 qui
1825 4212 1966 4273 sine
1998 4208 2293 4273 remedio
2326 4211 2687 4292 penitentie
2720 4211 2804 4273 ad

492 4396 501 4424 ι
541 4398 609 4457 [1.
648 4397 846 4460 16-31.]
1267 4394 1289 4425 2
1321 4397 1389 4456 [ι.
1419 4396 1619 4459 26-56,]
2043 4394 2063 4423 ει
2094 4404 2320 4470 exscepm:
2358 4395 2436 4445 60.
2466 4395 2543 4444 61·
2573 4395 2652 4454 64·

488 4461 881 4591 ss-fgntszssuzzffa
920 4540 997 4590 ³9.
1265 4460 1413 4575 :5322
1439 4460 1645 4589 Zia„
2045 4458 2338 4525 usqum:
2375 4459 2453 4522 ⁶³.
