3293 5225
634 475 865 523 FERIA
940 475 1023 524 VI.
1087 474 1529 523 DOMJNJCAE
1582 475 1692 523 III.
1759 473 2426 535 QUADRAGESJMAE.
2637 483 2726 533 107

318 628 629 779 {imopis
729 627 972 692 Socrus
1047 638 1273 690 autem
1339 625 1634 691 Simonis
1697 627 2049 690 tenebatur
2110 627 2370 708 magnis
2418 626 2723 690 febribus,

380 728 406 779 t
440 736 508 778 re
539 736 653 797 1qu
670 735 725 778 a.

917 903 1001 966 H
994 904 1219 966 omt'lia
1247 904 1462 966 sancti
1486 904 1546 966 A
1559 903 1832 985 mbrosij
1853 903 2131 985 episcopi.

325 1036 449 1164 V
464 1035 582 1098 Ide
608 1034 1031 1096 clementiam
1050 1034 1302 1097 domini
1322 1033 1702 1096 saluatoris:
1735 1054 1855 1095 nec
1882 1033 2339 1114 indignatione
2350 1041 2728 1094 commotus

489 1142 610 1184 nec
671 1122 919 1184 scelere
962 1120 1276 1195 offensuS,
1309 1141 1430 1183 nec
1475 1121 1712 1183 iniuria
1750 1119 2035 1183 violatus
2073 1120 2351 1183 Iudeam
2395 1116 2726 1182 deseruit.1

324 1209 714 1291 Quinetiam
780 1210 1137 1271 immemor
1186 1209 1435 1282 iniurie,
1482 1228 1740 1270 memor
1770 1207 2138 1282 clementie,
2170 1227 2345 1269 nunc
2407 1205 2731 1280 docend0,

324 1318 496 1359 nunc
529 1296 871 1359 liberando
901 1319 914 1358 :
962 1316 1136 1358 nunc
1161 1293 1504 1371 sanando?
1528 1295 1742 1377 plebis
1777 1294 1975 1357 corda
1999 1294 2347 1357 demulcet.
2441 1294 2532 1355 Et
2565 1294 2735 1355 bene

323 1394 595 1446 sanctus
657 1383 876 1445 Lucas
908 1384 1120 1445 virum
1155 1403 1194 1444 a
1226 1383 1460 1463 spiritu
1523 1383 1814 1463 nequitie
1847 1382 2195 1445 liberatum
2229 1390 2384 1443 ante
2432 1380 2734 1463 premisit

325 1482 391 1534 et
421 1471 762 1534 substituit
792 1470 1037 1532 femine
1068 1470 1439 1532 sanitatem.
1533 1469 1910 1550 Vtrumque
1940 1469 2119 1532 enim
2153 1489 2390 1531 sexum
2425 1467 2739 1530 dominus

328 1568 670 1620 curaturus
702 1557 1081 1620 aduenerat.
1174 1558 1265 1619 Et
1312 1557 1527 1638 primo
1558 1555 1821 1618 sanare3
1851 1556 2080 1619 debuit
2126 1556 2237 1636 qui
2272 1556 2447 1638 prior
2477 1563 2734 1616 creatus

325 1656 443 1708 est.
536 1645 675 1707 Nec
738 1645 1131 1727 pretermitti
1196 1644 1307 1706 illa
1368 1643 1598 1706 debuit
1649 1663 1778 1724 que
1839 1643 2209 1706 mobilitate
2259 1643 2472 1724 magis
2533 1640 2737 1703 animi

326 1752 523 1814 quam
562 1734 890 1813 prauitate
936 1741 1343 1814 peccauerat.
1437 1730 1737 1794 Sabbato
1768 1730 2102 1792 dominice
2150 1730 2475 1792 medicine
2521 1747 2743 1810 opera,

329 1836 522 1901 cepta
585 1818 1024 1900 significant⁴:
1092 1818 1189 1881 vt5
1250 1818 1406 1881 inde
1465 1827 1767 1880 creatura
1814 1838 1989 1881 noua
2048 1819 2335 1899 ceperit:
2381 1816 2489 1879 vbi
2550 1826 2740 1878 vetus

327 1916 627 1968 creatura
672 1916 829 1968 ante
875 1905 1174 1975 desierat.
1270 1906 1410 1967 Nec
1458 1905 1760 1986 sublege
1805 1925 1949 1967 esse
1980 1904 2084 1967 dei
2120 1904 2346 1978 filium,
2390 1903 2507 1965 sed
2539 1922 2741 1983 supra

329 1993 543 2074 legem
580 1994 644 2055 in
668 1994 811 2075 ipso
843 1993 1165 2075 principio
1190 1992 1603 2072 designaret:
1654 2012 1773 2055 nec
1795 1993 1960 2054 solui
1995 1993 2210 2074 legem
2238 1991 2352 2054 sed
2374 1988 2740 2072 adimpleri.

333 2081 570 2162 Neque
631 2083 807 2143 enim
871 2100 987 2160 per
1048 2080 1281 2162 legem,
1343 2080 1460 2141 sed
1522 2079 1724 2142 verbo
1784 2079 1995 2141 factus
2055 2089 2158 2141 est
2221 2077 2525 2152 munduS,
2573 2078 2744 2138 sicut

329 2166 628 2247 legimus,
720 2167 946 2229 Verbo
976 2167 1227 2230 domini
1259 2167 1382 2229 celi
1405 2165 1645 2228 firmati
1678 2177 1849 2229 sunt.
1944 2167 2096 2228 Non
2131 2165 2409 2227 soluitur
2439 2184 2598 2245 ergo
2630 2164 2743 2225 lex

330 2253 816 2336 sed'impletur
862 2264 935 2316 vt
966 2254 1080 2316 fiat
1136 2256 1478 2316 renouatio
1510 2253 1798 2315 hominis
1849 2254 1978 2315 iam
2035 2254 2336 2316 labentis.
2427 2251 2624 2314 Vnde
2678 2259 2746 2312 et

336 2342 683 2422 apostolus
717 2344 846 2403 ait:
883 2341 1329 2423 Expoliantes
1350 2362 1469 2403 vos
1490 2352 1784 2403 veterem
1819 2341 2178 2416 hominem,
2204 2341 2458 2402 induite
2490 2356 2741 2400 nouum

334 2431 445 2509 qui
479 2428 843 2491 secundum
880 2426 1244 2492 Christum⁶
1289 2441 1549 2490 creatus
1589 2438 1707 2491 est.
1801 2428 1890 2491 Et
1922 2427 2091 2489 bene
2138 2428 2419 2490 sabbato
2450 2427 2644 2507 cepit,
2675 2433 2747 2486 vt

338 2518 479 2597 ipse
530 2537 599 2577 se
631 2516 1017 2578 ostenderet
1070 2524 1462 2588 curatorem,
1496 2516 1608 2596 qui
1665 2536 1868 2596 opera
1900 2516 2210 2595 operibus
2263 2515 2631 2576 intexeret:
2678 2522 2747 2574 et

336 2614 847 2685 prosequeretur
892 2624 1060 2684 opus
1106 2602 1283 2685 quod
1335 2603 1474 2683 ipse
1523 2605 1654 2665 iam
1703 2612 1986 2685 ceperat,
2017 2615 2088 2664 vt
2136 2602 2188 2664 si
2238 2601 2422 2664 faber
2466 2600 2743 2663 domum

338 2711 656 2753 renouare
702 2691 1033 2772 disponat,
1067 2712 1194 2752 non
1247 2712 1285 2752 a
1332 2691 1784 2753 fundamentis
1816 2691 1932 2752 sed
1980 2710 2019 2752 a
2066 2689 2464 2752 culminibus
2515 2687 2748 2768 incipit

336 2777 594 2839 soluere
627 2775 1071 2840 vetustatem.7

1435 2971 1679 3036 Oratio.

346 3102 805 3233 SVbiectum
855 3103 974 3165 tibi
1024 3104 1343 3186 populum
1379 3122 1742 3183 quesumus
1773 3101 2043 3163 domine
2077 3101 2456 3183 propitiatio
2489 3098 2754 3161 celestis

341 3277 386 3339 d
477 3189 853 3288 amplificet,
928 3200 994 3260 et
1072 3191 1203 3252 tuis
1278 3210 1540 3271 semper
1615 3189 1815 3251 faciat
1891 3190 2135 3250 seruire
2182 3188 2533 3249 mandatiS.
2629 3187 2756 3247 Per

391 3297 707 3340 ominum.

807 3475 873 3545 (I
904 3469 1101 3531 Feria
1130 3478 1309 3531 sexta
1339 3488 1417 3529 ex
1451 3465 1722 3530 Genesi.ss
1810 3467 2022 3529 Lectio
2039 3466 2283 3548 prima.

361 3597 707 3726 EOdem
761 3607 1059 3679 tempore
1100 3597 1274 3659 dixit
1308 3595 1722 3695 Abimelech,
1755 3606 1838 3695 ‘et
1892 3595 2164 3694 Phichol
2217 3594 2520 3676 princeps
2669 3592 2761 3654 Et

519 3684 640 3748 fult
673 3685 946 3747 colonus
979 3694 1147 3747 terre
1184 3682 1668 3745 Palestinorum
1703 3682 1936 3745 diebus
1969 3680 2210 3745 multis.
2784 3716 2788 3721 ·

713 3893 779 3963 (I
809 3887 921 3950 Ex
947 3888 1207 3969 epistola
1221 3887 1451 3968 prima
1481 3885 1793 3949 Ioannis.⁹
1883 3886 2096 3949 Lectio
2124 3885 2416 3949 secunda.

506 4017 682 4079 Mnis
716 4018 826 4098 qui
861 4016 1068 4079 credit
1099 4015 1414 4097 quoniam
1442 4016 1645 4090 Iesus,
1671 4026 1771 4077 est
1807 4015 2124 4090 ChristuS,
2156 4034 2243 4076 ex
2277 4013 2405 4076 deo
2437 4023 2632 4075 natus
2663 4021 2766 4075 est

650 4104 704 4166 F
709 4105 886 4178 ilioli,
921 4103 1250 4166 custodite
1282 4123 1402 4165 vos
1434 4122 1473 4164 a
1504 4102 1936 4165 simulachris,
2030 4102 2270 4164 Amen.

454 4341 469 4371 ¹
505 4342 719 4392 deserit:
755 4341 832 4390 61.
1254 4337 1277 4369 ²
1310 4339 1535 4415 insidiae:
1573 4341 1684 4387 add.
1716 4339 1793 4387 61.
1869 4338 2078 4388 insidae:
2113 4339 2223 4386 add.
2255 4337 2332 4397 64.

452 4406 474 4502 Ξ
506 4407 708 4521 sssnari:
740 4419 802 4521 {9
824 4416 918 4455 etc.
1252 4404 1275 4501 ζ
1305 4405 1581 4518 {if-nificat:
1619 4404 1697 4453 60.
1701 4404 1806 4518 aa}
1836 4403 1914 4517 24.
2254 4401 2275 4431 ⁶
2305 4402 2469 4466 quod:
2508 4414 2584 4464 39.
2615 4414 2693 4463 41.

561 4489 670 4521 eum
697 4509 708 4521 .
784 4485 823 4521 1.
1372 4486 1563 4519 iserere.
1597 4481 1672 4532 50.
1799 4505 1812 4517 .
1876 4481 1921 4531 3.

454 4535 475 4567 ⁸
507 4538 625 4598 [xxi.
657 4538 861 4600 22—34.]
1251 4533 1273 4564 ⁰
1306 4536 1429 4601 Cap.
1462 4546 1489 4599 5
1516 4537 1572 4583 in
1598 4551 1662 4583 m.
1737 4534 1803 4594 [v.
1841 4535 2007 4594 1-21.]
