3293 5225
532 486 625 551 136
1194 487 1425 536 FERIA
1484 486 1842 537 SECUNDA
1902 487 2261 536 PASCHAE.

659 647 725 716 (Ι
756 640 817 702 Α
828 640 881 702 d
930 641 1244 722 primam,
1335 641 1613 716 tertiam,
1686 650 1950 718 sextam,
2046 650 2109 703 et
2181 661 2466 703 nonam:
2542 640 2603 702 Α
2615 640 2937 721 ntiphona.

534 727 891 802 Halleluia,
923 727 1253 804 halleluia,
1285 727 1612 790 halleluia.

1250 894 1316 963 (Ι
1346 887 1470 950 Ad
1492 897 1800 969 vesperas.
1888 888 2213 971 Hymnus.

531 1017 745 1145 AD
821 1038 1054 1080 cenarn
1133 1019 1286 1097 agni
1364 1018 1640 1100 prouidi.
1734 1019 1826 1080 Et
1900 1016 2086 1080 stolis
2163 1016 2329 1079 albis
2390 1015 2655 1079 candidi
2686 1041 2699 1080 :
2779 1017 2939 1079 Post

680 1105 1032 1167 transitum
1069 1107 1268 1168 maris
1301 1106 1477 1167 rubri
1514 1105 1780 1169 Christo
1813 1125 2130 1167 canamus
2164 1105 2454 1187 principi.

662 1190 866 1255 Cuius
918 1212 1155 1274 corpus
1208 1193 1720 1268 sanctissimum,
1758 1193 1834 1254 In
1890 1213 2005 1255 ara
2053 1193 2263 1253 crucis
2304 1191 2645 1265 torridum,
2704 1189 2936 1253 Cruorl

525 1280 671 1340 eius
702 1299 891 1341 roseo
925 1279 1277 1343 Gustando
1308 1279 1592 1342 viuimus
1625 1279 1770 1342 de0.

666 1366 951 1428 Protecti
1014 1366 1259 1449 pasche
1303 1386 1591 1449 vespere,
1638 1367 1708 1428 A
1754 1366 2149 1429 deuastante
2195 1364 2479 1447 angelo:
2561 1365 2790 1447 Erepti
2853 1363 2936 1427 de

525 1452 887 1515 durissimo
922 1452 1283 1515 Pharaonis
1314 1453 1605 1536 imperio,

670 1540 810 1602 Iarn
846 1539 1092 1622 pascha
1118 1550 1414 1603 nostrum
1449 1539 1753 1604 Christus
1784 1550 1903 1612 est,
1938 1538 2071 1619 Qui
2105 1538 2490 1602 immolatus
2536 1559 2747 1620 agnus
2795 1546 2936 1601 est:

533 1625 974 1708 Synceritatis
1007 1627 1221 1689 azima
1254 1626 1428 1691 Caro
1460 1629 1600 1689 eius
1632 1626 1860 1689 oblata
1892 1638 2008 1689 est.

663 1713 725 1778 O
758 1735 908 1776 vere
940 1714 1143 1794 digna
1174 1714 1391 1776 hostia
1418 1715 1544 1776 Per
1572 1735 1774 1796 quam
1800 1713 2006 1777 fracta
2037 1721 2193 1776 sunt
2224 1722 2468 1776 tartara
2498 1736 2510 1775 :
2561 1712 2939 1795 Redempta

528 1799 717 1883 plebs
748 1802 1105 1883 captiuata,
1136 1799 1455 1864 Reddita2
1485 1802 1618 1864 vite
1652 1803 1917 1884 premia.
2091 1860 2095 1864 ⁴

658 1886 857 1972 ³Curn
936 1886 1170 1971 surgit³
1232 1888 1530 1952 Christus
1593 1889 1870 1964 tumu10,
1932 1888 2167 1950 Victor
2227 1886 2423 1950 redit*
2481 1887 2565 1950 de
2625 1887 2938 1949 barathro

525 1974 920 2055 Tyrannum
954 1974 1253 2038 trudens⁵
1284 1974 1564 2050 vincu10,
1599 1976 1688 2038 Et
1722 1995 2016 2037 reserans
2048 1974 2445 2057 paradisum.

663 2061 889 2127 Gloria
920 2061 1038 2126 tibi
1071 2062 1359 2138 domine,
1391 2061 1523 2142 Qui
1556 2062 1919 2137 surrexisti,
1949 2060 2082 2124 etc.⁶

659 2149 718 2210 A
732 2148 1053 2230 ntiphona.
1151 2148 1487 2212 Halleluia
1516 2174 1529 2212 :
1577 2150 1791 2231 gauisi
1839 2160 1993 2211 sunt
2045 2148 2351 2231 discipuli
2411 2149 2555 2210 viso
2615 2147 2891 2210 domino
2920 2170 2933 2209 ε

526 2235 857 2300 halleluia.

659 2328 725 2397 (Ι
757 2323 1141 2385 Notandum
1170 2323 1345 2406 quod
1368 2322 1845 2399 inuitatom'um,
1875 2321 2108 2404 hymni
2132 2332 2194 2384 et
2208 2321 2552 2402 antiphone
2579 2320 2778 2383 huius
2807 2320 2942 2382 diei

522 2409 839 2471 dicuntur
848 2421 976 2491 per
990 2420 1189 2472 totam
1220 2420 1528 2485 octauam,
1557 2419 1618 2472 et
1646 2409 1875 2471 deinde
1896 2429 2092 2491 vsque
2121 2409 2218 2472 ad
2228 2408 2652 2471 ascensionem
2682 2408 2937 2490 quando

510 2496 609 2579 fit
635 2495 908 2578 officium
940 2495 1017 2559 de
1046 2497 1369 2560 dominica
1398 2498 1505 2558 vel
1528 2498 1604 2559 de
1617 2497 1822 2576 feria

656 2588 722 2658 (Ι
753 2582 916 2646 Item
949 2584 1303 2647 notandum
1334 2585 1510 2666 quod
1533 2583 1602 2646 in
1631 2581 2027 2666 antiphonis?
2068 2584 2145 2646 de
2173 2582 2502 2647 communi
2523 2591 2888 2645 sanctorum
2917 2605 2940 2645 .·

518 2680 588 2733 et
617 2671 685 2732 in
733 2670 1085 2753 antiphona
1134 2671 1526 2753 completorij
1545 2672 1940 2753 adiungitur
1989 2671 2323 2734 Halleluia
2351 2670 2420 2732 in
2435 2669 2578 2751 fine
2630 2690 2824 2752 vsque
2851 2668 2948 2730 ad

522 2758 968 2835 ascensionem,
1000 2769 1062 2821 et
1088 2759 1159 2820 in
1176 2759 1462 2839 predicto
1504 2768 1775 2839 tempore
1803 2758 2198 2820 omittuntur
2233 2758 2575 2838 antiphone
2613 2756 2940 2838 assignate

524 2845 597 2906 in
616 2846 930 2926 psalterio
959 2847 1057 2909 ad
1063 2847 1379 2926 primam,
1411 2846 1699 2921 tertiam,
1729 2855 1995 2922 sextam,
2026 2856 2088 2907 et
2116 2866 2367 2907 nonam.

698 3020 764 3089 (Ι
794 3012 994 3077 Feria
1023 3014 1297 3077 secunda
1327 3014 1406 3076 de
1431 3024 1658 3077 octaua
1687 3012 1946 3095 duplex⁸
1973 3036 2052 3076 ex
2085 3013 2357 3076 Genesz‘.⁹
2444 3013 2658 3075 Lectio
2686 3029 2763 3075 .1.

691 3136 842 3202 Ec¹⁰
884 3159 1151 3220 quoque
1196 3148 1349 3201 sunt
1395 3140 1857 3221 generationes
1897 3140 2083 3201 Isaac
2233 3138 2723 3222 paruipendens
2755 3136 2933 3218 quod

718 3227 1161 3310 primogenita
1190 3226 1615 3289 vendidisset.

980 3408 1046 3477 (Ι
1082 3402 1451 3466 Secundum
1482 3402 1863 3468 Marcum.1¹
1954 3404 2164 3467 Lectio
2193 3404 2486 3467 secunda.

670 3532 729 3593 T
762 3552 910 3595 cum
947 3533 1290 3595 transisset
1322 3532 1694 3607 sabbatum,
1720 3535 1936 3596 Maria
1973 3531 2336 3615 Maglene12
2367 3543 2434 3596 et
2458 3533 2671 3596 Maria
2712 3531 2933 3594 Iacobi

811 3617 1245 3682 confirmante
1278 3621 1708 3701 sequentibus
1739 3622 1960 3702 signis,

1119 3802 1185 3871 (Ι
1227 3797 1450 3860 Tertia
1479 3798 1655 3861 lectio
1684 3797 2028 3861 secundum
2061 3795 2374 3861 Lucam.13

610 3928 670 3990 N
723 3926 835 3989 illo
896 3936 1235 4009 tempore:
1303 3926 1458 3989 Duo
1503 3948 1589 3989 ex
1638 3926 1980 4009 discipulis
2049 3927 2196 3989 Iesu
2260 3925 2446 3989 ibant
2507 3926 2650 4006 ipsa
2696 3925 2804 3987 die
2866 3926 2932 3987 in

634 4014 980 4077 castellum
1057 4012 1234 4094 quod
1313 4023 1454 4075 erat
1530 4015 1594 4076 in
1674 4016 1898 4096 spacio
1973 4015 2338 4076 stadiorum
2417 4014 2771 4095 sexaginta
2848 4010 2935 4074 ab

526 4101 885 4165 Ierusalem
920 4102 1189 4163 nornine
1222 4100 1490 4162 EmauS.
1584 4102 1675 4164 Et
1708 4101 1972 4183 reliqua.

625 4293 641 4324 ¹
677 4294 899 4345 Cruore:
937 4292 1014 4357 38.
1043 4304 1137 4344 etc.
1566 4292 1589 4324 ²
1624 4295 1772 4343 Redit
1805 4296 1903 4344 ad:
1941 4295 2021 4358 63.
2351 4292 2458 4331 11-3
2491 4295 2787 4358 Consurgit:
2825 4293 2902 4356 63.

619 4362 641 4390 ⁴
675 4359 839 4410 cedit:
877 4357 955 4423 38.
1569 4359 1590 4389 ⁵
1624 4360 1858 4409 tradens:
1893 4374 1974 4421 44.
2003 4373 2082 4422 49.
2111 4360 2189 4410 61.
2220 4360 2297 4423 63.
2329 4360 2406 4409 66.

614 4422 642 4455 ⁶
674 4434 729 4474 vt
748 4433 939 4488 supra:
976 4437 1053 4487 39.
1082 4438 1163 4486 41.
1562 4424 1583 4457 '⁴'
1616 4426 1927 4488 antiphona:
1965 4426 2043 4475 60.
2072 4426 2151 4475 61.
2182 4425 2258 4487 64.

616 4488 641 4520 ⁸
672 4491 892 4553 duplici:
930 4503 1007 4553 39.
1036 4503 1115 4551 41.
1568 4488 1590 4519 ⁹
1623 4491 1758 4550 [xxv.
1796 4492 1992 4554 19—34.]
2354 4488 2393 4520 ¹⁰
2429 4492 2546 4540 He:
2585 4503 2662 4554 39.
2687 4500 2780 4539 etc.

620 4554 657 4585 11
694 4556 782 4606 Ca.
819 4555 877 4604 16
901 4555 957 4603 in
981 4572 1046 4606 m.
1076 4555 1195 4616 [xvi.
1232 4557 1398 4616 1-20.]
1564 4553 1603 4585 ¹2
1637 4556 1973 4620 Magdalene:
2011 4555 2088 4619 38.
2118 4565 2210 4606 etc.
2349 4553 2390 4585 ¹³
2423 4556 2512 4606 Ca.
2543 4570 2618 4616 24.
2650 4557 2706 4602 in
2731 4572 2796 4603 m.
