3293 5225
341 439 480 491 OCT.
518 439 626 502 28.]
901 441 954 490 S.
994 441 1049 491 E
1061 441 1336 490 VARJST
1334 442 1426 494 US
1435 457 1453 490 .·
1486 443 1580 493 SS.
1620 442 1871 493 SIMON
1894 443 2007 493 ET
2030 445 2282 496 IUDAS.
2656 457 2752 509 343

342 593 630 672 indutuS,
659 594 746 658 ad
778 595 939 659 xxi.
969 596 1164 658 etatis
1208 615 1325 658 sue
1370 615 1640 673 annum,
1685 605 1854 660 teste
1906 597 2342 680 Hyeronimo,
2386 600 2501 680 qui
2545 597 2751 661 vitam

342 681 484 743 eius
558 681 762 744 literis
839 681 1201 759 mandauit,
1274 692 1463 745 tanta
1536 682 1942 746 abstinentia
2021 705 2261 768 corpus
2349 685 2608 762 afflixit,
2681 696 2753 748 vt

343 767 698 849 quindenis
773 767 1185 832 monearicis¹
1259 790 1393 832 vno
1466 789 1733 850 quoque
1807 770 1916 834 die
1991 781 2142 854 post
2214 773 2370 836 solis
2443 792 2752 836 occasum

343 865 732 933 vesceretur,
762 865 830 919 et
860 876 1057 938 super
1088 856 1364 919 humum
1400 857 1608 918 iuncis
1633 856 1991 921 dumtaxat
2016 869 2312 936 stratam,
2334 859 2420 922 ad
2445 859 2751 922 vltimum

344 942 479 1004 vite
568 942 745 1005 diem
837 963 1099 1005 sommo
1188 942 1573 1006 reficeretur.
1732 944 1862 1007 Hic
1953 945 2224 1009 demum
2314 948 2597 1010 orationi
2687 957 2755 1009 et

345 1029 713 1111 psalmodie
733 1049 994 1111 semper
1013 1031 1324 1106 intentUS,
1343 1041 1494 1112 post
1515 1031 1966 1094 incredibilem
1988 1034 2202 1095 carnis
2223 1034 2758 1111 macerationem,

342 1124 412 1177 et
470 1118 787 1179 continua
848 1117 1093 1179 ieiunia
1150 1118 1633 1198 octogesimum
1698 1128 1893 1180 natus
1953 1140 2204 1182 annum
2266 1122 2619 1183 sanctitate
2688 1131 2757 1183 et

347 1202 680 1265 miraculis
711 1203 941 1280 claruS,
973 1205 1284 1286 migrauit
1314 1204 1400 1266 ad
1432 1204 1779 1267 dominum
1813 1205 1947 1286 .xij.
1979 1207 2292 1270 calendas
2342 1208 2759 1271 Nouembris,

896 1382 962 1444 E
965 1382 1256 1445 uaristus
1269 1393 1450 1464 papa
1481 1393 1750 1464 martyr.
1839 1383 2050 1447 Lectio
2080 1383 2218 1466 .iij.2

361 1505 796 1634 EVaristus
844 1527 1016 1590 papa
1072 1509 1343 1570 natione
1388 1528 1622 1590 grecus
1666 1520 1851 1591 patre
1904 1509 2112 1572 Iudeo
2159 1511 2429 1573 Traiani
2463 1521 2762 1595 tempore

520 1592 759 1675 prefuit
804 1593 1093 1657 ecclesie.
1191 1595 1338 1670 Hie,
1368 1606 1440 1657 vt
1491 1595 1825 1658 Damasus
1871 1607 2169 1672 testatur,
2215 1599 2444 1661 titulos
2491 1600 2556 1660 in
2603 1599 2762 1663 vrbe

352 1679 571 1741 Roma
649 1680 1046 1762 presbyteris
1128 1681 1370 1757 diuisit,
1430 1692 1498 1744 et
1573 1693 1829 1764 septem
1914 1684 2232 1747 diaconos
2315 1687 2566 1760 statuit,
2647 1687 2760 1767 qui

347 1766 756 1830 custodirent
795 1770 1181 1850 episcopum
1218 1769 1689 1851 predicantem,
1720 1790 1804 1832 ne
1834 1780 1951 1832 aut
1981 1772 2123 1853 ipse
2154 1771 2240 1834 ab
2272 1772 2765 1836 insidiatoribus

347 1853 849 1935 quoquumque³
894 1854 1254 1931 infestetur,
1300 1866 1415 1919 aut
1476 1856 1735 1919 ledatur
1791 1877 1832 1919 a
1886 1858 2038 1933 suiS,
2098 1869 2214 1921 aut
2272 1860 2475 1922 verba
2534 1859 2764 1923 diuina

348 1939 778 2017 detrahendO,
823 1953 939 2005 aut
1000 1942 1376 2006 insidiando
1426 1943 1806 2025 polluantur
1852 1944 1952 2007 vel
2017 1944 2480 2028 despiciantur.
2576 1946 2764 2010 Idem

348 2029 712 2103 constituit,
790 2049 873 2091 ne
972 2029 1182 2112 plebis
1265 2031 1330 2092 in
1415 2030 1801 2112 episcopum
1878 2034 2213 2095 accusatio
2288 2032 2766 2098 admitteretur.

352 2113 828 2178 Ordinationes
888 2127 987 2179 ter
1046 2115 1278 2179 habuit
1339 2137 1566 2179 mense
1631 2116 2004 2192 Decembri,
2053 2120 2292 2199 quibus
2348 2121 2766 2202 presbyteros

350 2202 449 2266 .vi.
481 2201 799 2265 diaconos
830 2201 911 2283 .ij.
943 2204 1291 2286 episcopos
1325 2223 1440 2285 per
1476 2205 1738 2267 diuersa
1784 2205 1929 2267 loca
1974 2227 2031 2268 v.
2064 2207 2328 2269 creauit.
2425 2207 2767 2271 Postremo

349 2307 502 2350 cum
554 2290 832 2352 sedisset
884 2310 1097 2352 annos
1143 2291 1249 2354 .ix.
1298 2311 1558 2353 menses
1601 2313 1685 2354 .x.
1718 2291 1859 2353 dies
1891 2291 1972 2372 .ij.
2004 2312 2183 2355 anno
2213 2293 2448 2356 vltimo
2495 2294 2764 2357 Traiani

351 2377 670 2456 martyrio
731 2385 1084 2439 coronatus
1143 2387 1262 2449 est,
1318 2398 1395 2439 ac
1444 2376 1743 2459 sepultus
1791 2379 1858 2441 in
1907 2379 2239 2442 Vaticano
2286 2380 2410 2462 ‚vij.
2456 2381 2768 2445 calendas

353 2462 772 2526 Nouembris,

798 2630 865 2700 (Ι
915 2625 1145 2688 Simon
1176 2636 1239 2687 et
1266 2625 1311 2687 I
1309 2626 1473 2688 udas
1504 2626 1803 2707 Apostoli
1828 2626 2062 2708 duplex
2090 2628 2321 2692 maius.

1444 2749 1689 2814 Oratio.

365 2860 659 2989 DEuS,
691 2861 805 2941 qui
853 2881 974 2923 nos
1016 2882 1132 2943 per
1164 2862 1394 2924 beatos
1427 2861 1797 2962 Apostolos
1828 2873 1977 2926 tuos
2013 2863 2357 2927 Simonem
2390 2875 2458 2928 et
2495 2865 2771 2965 Iudam:

528 2948 613 3010 ad
707 2949 1116 3029 agnitionem
1196 2950 1291 3011 tui
1369 2951 1657 3012 nominis
1734 2952 1953 3013 venire
2028 2951 2349 3014 tribuisti:
2426 2952 2514 3016 da
2576 2953 2769 3016 nobis

345 3054 577 3097 eorum
625 3034 904 3116 gloriam
968 3037 1439 3117 sempiternam
1486 3047 1554 3099 et
1619 3035 2024 3119 proficiendo
2089 3037 2436 3112 celebrare,
2486 3049 2555 3102 et
2600 3039 2768 3103 cele-

351 3120 605 3184 brando
641 3121 996 3204 proficere:
1044 3143 1176 3204 per.

1367 3285 1578 3348 Lectio
1609 3287 1750 3369 .iij.4

352 3409 650 3542 Slmon
713 3411 826 3490 qui
901 3420 968 3473 et
1031 3409 1304 3474 Simeon
1367 3410 1612 3474 zelotes
1674 3412 1815 3475 zelo
1875 3411 2129 3475 domini
2191 3412 2452 3476 feruens
2513 3415 2769 3496 accepit

485 3497 738 3579 Egypti
825 3498 1285 3580 principatum,
1337 3509 1405 3561 et
1481 3509 1631 3581 post
1712 3498 2027 3562 Iacobum
2091 3501 2334 3562 iustum
2382 3500 2765 3563 cathedram

348 3585 563 3647 tenuit
615 3584 1189 3665 lerosolymorum.
1279 3584 1407 3648 Cui
1452 3585 1725 3648 ecclesie
1756 3606 1907 3648 cum
1943 3586 2167 3648 multis
2197 3588 2389 3649 annis
2422 3586 2769 3669 prefuisset

349 3672 591 3734 atticus
644 3671 1007 3733 consularis
1057 3672 1327 3734 Traiani
1383 3682 1685 3753 tempore
1738 3674 2008 3754 cognito
2060 3671 2240 3753 quod
2290 3683 2463 3736 esset
2511 3675 2768 3755 generis

351 3756 595 3833 Dauid,
625 3767 694 3821 et
734 3759 1129 3821 christianus
1162 3758 1385 3821 multis
1416 3779 1568 3820 eum
1602 3759 1943 3841 supplicijs
1974 3758 2221 3823 afficit.⁵
2312 3758 2571 3841 Quibus
2603 3763 2769 3824 mira

349 3846 672 3926 patientia
726 3845 1021 3908 toleratis
1081 3846 1166 3907 ad
1227 3865 1487 3908 crucem
1551 3845 1923 3921 damnatur,
1984 3848 2197 3909 iussus
2248 3856 2322 3909 vt
2382 3867 2581 3928 quem
2629 3850 2767 3912 vita

349 3931 593 3995 coleret
669 3933 811 3994 eius
883 3933 1143 3995 exitum
1215 3942 1426 3994 morte
1486 3952 1753 4013 quoque
1815 3934 2197 3997 imitaretur.
2293 3934 2531 4015 Itaque
2592 3937 2766 3998 cruci

348 4017 593 4081 affixus
640 4028 758 4094 est,
804 4038 954 4081 cum
1003 4039 1176 4082 cxx.
1218 4039 1429 4081 annos
1472 4030 1669 4082 natus
1698 4029 1870 4082 esset
1900 4022 2154 4082 cunctis
2184 4020 2669 4085 admirantibus
2701 4023 2768 4084 in

346 4125 620 4187 corpore
666 4115 804 4168 tam
853 4106 1060 4181 senili,
1103 4116 1242 4168 tam
1290 4106 1630 4169 robustum
1675 4108 1973 4170 animum
2017 4107 2103 4169 ad
2148 4106 2417 4171 ferenda
2449 4108 2772 4191 supplicia

350 4193 731 4274 perstitisse.

451 4376 468 4407 ¹
514 4377 658 4426 Thus
681 4380 785 4428 also
807 4377 884 4442 38.
968 4378 1120 4429 modo
1142 4379 1346 4429 caricis:
1385 4392 1461 4443 39.
1492 4389 1585 4429 etc.
2050 4377 2073 4409 ²
2105 4380 2172 4429 di.
2203 4379 2280 4429 26.
2311 4381 2369 4428 in
2393 4397 2459 4430 m.

443 4442 1249 4573 3352‘153330‘335ss93sztff·
1278 4459 1357 4506 ⁴⁴-
1607 4444 1687 4507 ⁶³·
1760 4445 2017 4510 ...md
2041 4445 2305 4560 zai..
2343 4523 2407 4574 ³.
