3293 5225
830 501 1061 550 FERJA
1133 501 1185 550 V.
1244 501 1686 551 DOMINICAE
1741 500 1852 548 DE
1907 496 2291 547 PASSIONE.
2697 507 2780 544 121

937 728 1003 797 (I
1048 721 1269 784 Tertia
1299 720 1477 783 lectio
1505 719 1851 783 secundum
1881 716 2234 782 Ioannem.¹

391 834 521 963 IN
559 834 671 898 illo
703 843 1040 916 tempore:
1092 834 1299 895 Facta
1328 841 1484 894 sunt
1515 833 1792 932 encenia
1836 831 1900 893 in
1956 828 2381 930 lerosolymis
2429 839 2498 891 et
2545 827 2784 928 hyems

378 1009 467 1071 Et
486 930 661 1089 ‹lt-133³
665 922 854 1070 uaEt
896 919 1282 983 ambulabat
1340 920 1526 981 Iesus
1574 939 1639 981 in
1697 918 1950 1000 templo
2000 937 2063 978 in
2113 926 2370 998 portlcu
2405 915 2786 980 Salomoms

966 1177 1267 1241 Homilia
1296 1177 1510 1240 sancti
1533 1176 1906 1258 Augustini
1930 1176 2206 1258 episcopi.

519 1291 775 1353 Ncenia
829 1288 1231 1353 festiuitati32
1282 1299 1425 1352 erat
1472 1289 1909 1351 dedicationis
1962 1288 2211 1371 templi.
2336 1286 2546 1350 Grece
2605 1286 2782 1347 enim

546 1376 786 1440 cenon3
875 1378 1151 1439 dicitur:
1229 1396 1477 1439 nouum
1573 1377 1793 1438 latine.
1959 1374 2514 1456 Quandocumque
2601 1373 2781 1435 enim

376 1484 624 1527 nouum
677 1464 926 1545 aliquid
985 1463 1178 1527 fuerit
1210 1463 1613 1539 dedicatum,
1643 1463 1920 1525 encenia
1969 1473 2257 1526 vocatur.
2354 1461 2496 1522 Iam
2529 1469 2597 1522 et
2629 1479 2786 1521 vsus

377 1551 579 1614 habet
632 1551 756 1613 hoc
810 1552 1102 1613 verbum.
1214 1549 1285 1614 Si
1340 1552 1489 1631 quis
1544 1570 1721 1612 noua
1782 1550 2007 1612 tunica
2067 1550 2381 1611 induatur
2439 1546 2786 1609 enceniare

377 1637 632 1702 dicitur.
726 1638 922 1700 Illum
978 1658 1137 1720 ergo
1186 1638 1361 1700 diem
1416 1657 1550 1719 quo
1599 1636 1924 1718 templum
1980 1636 2363 1697 dedicatum
2403 1644 2546 1697 est:
2597 1632 2785 1695 Iudei

377 1726 736 1788 solenniter
764 1725 1206 1787 celebrabant.
1303 1725 1456 1806 Ipse
1501 1725 1643 1786 dies
1690 1723 1897 1786 festus
1943 1723 2306 1805 agebatur:
2355 1741 2505 1784 cum
2545 1740 2625 1782 ea
2655 1739 2786 1801 que

375 1812 548 1875 lecta
595 1813 778 1874 sunt4
829 1811 1088 1874 locutus
1137 1821 1237 1873 est
1285 1812 1611 1874 dominus,
1736 1811 1998 1890 Hyems
2058 1819 2217 1884 erat,
2270 1817 2339 1871 et
2399 1807 2788 1870 ambulabat

382 1899 569 1962 Iesus
619 1900 685 1962 in
737 1898 991 1980 templo
1045 1899 1110 1959 in
1167 1899 1424 1981 porticu
1482 1898 1874 1961 Salomonis,
1998 1896 2572 1960 Circumdederunt
2625 1913 2810 1980 ergo·

377 2006 530 2048 eum
587 1985 773 2048 Iudei
824 1995 892 2048 et
940 1985 1254 2048 dicebant
1307 1987 1385 2060 ei,
1436 1984 1803 2067 Quousque
1852 1986 2144 2046 animam
2209 1993 2501 2046 nostram
2564 1981 2788 2044 tollis?

382 2074 454 2137 Si
502 2083 572 2136 tu
623 2092 694 2134 es
728 2072 1029 2136 Christus
1060 2071 1165 2135 dic
1198 2072 1389 2134 nobis
1421 2072 1662 2153 palam.
1756 2071 1908 2133 Non
1943 2073 2288 2133 veritatem
2320 2068 2790 2132 desiderabant

380 2161 496 2221 sed
546 2159 951 2221 calumniam
999 2160 1458 2241 preparabant.
1556 2159 1818 2240 Hyems
1865 2167 2006 2220 erat
2050 2169 2116 2219 et
2151 2159 2302 2220 ideo
2334 2155 2552 2238 frigidi
2584 2164 2788 2218 erant.

382 2245 497 2308 Ad
559 2247 744 2309 illum
805 2248 983 2309 enim
1046 2247 1346 2308 diuinum
1411 2248 1633 2328 ignem
1697 2246 2011 2307 accedere
2075 2245 2242 2325 pigri
2311 2253 2515 2305 erant.
2653 2239 2786 2305 Sed

380 2333 692 2396 accedere
744 2346 847 2396 est
899 2335 1180 2396 credere.
1288 2332 1421 2411 Qui
1475 2331 1683 2394 credit
1732 2331 2020 2394 accedit:
2084 2333 2196 2411 qui
2261 2341 2462 2411 negat
2525 2330 2786 2391 recedit.

384 2420 537 2484 Non
594 2430 899 2483 mouetur
953 2422 1177 2482 anima
1230 2421 1553 2502 pedibus:
1622 2422 1739 2482 sed
1796 2417 2161 2481 affectibus
2284 2417 2533 2498 Frigidi
2601 2424 2791 2478 erant

381 2528 513 2570 non
547 2507 886 2591 diligendo
918 2509 1275 2570 charitate:
1320 2517 1389 2570 et
1419 2506 1744 2569 ardebant
1777 2507 2057 2568 nocendi
2091 2504 2474 2586 cupiditate.
2554 2503 2789 2583 Longe

381 2595 672 2679 agebant
696 2605 763 2657 et
796 2595 886 2658 ibi
916 2606 1122 2657 erant.
1216 2595 1369 2657 Non
1403 2593 1811 2656 accedebant
1842 2593 2214 2656 credendo:
2248 2591 2363 2654 sed
2398 2590 2790 2673 premebant
2825 2591 2836 2607 '

379 2682 853 2764 persequendo
968 2681 1355 2763 Querebant
1401 2680 1629 2743 audire
1684 2702 1723 2743 a
1772 2680 2090 2743 domino:
2136 2701 2263 2762 ego
2307 2700 2453 2741 sum
2491 2676 2791 2741 Christus

381 2780 447 2831 et
507 2768 784 2831 fortasse
846 2768 930 2831 de
991 2768 1257 2832 Christo
1317 2770 1681 2831 secundum
1750 2767 2089 2830 hominem
2150 2767 2516 2848 sapiebant.
2642 2764 2792 2826 Pre-

381 2857 770 2918 dicauerunt
806 2856 983 2917 enim
1041 2855 1362 2938 prophete
1396 2855 1773 2918 Christum:
1820 2856 1938 2916 sed
1970 2854 2390 2916 diuinitatem
2432 2852 2676 2916 Christi
2724 2860 2792 2912 et

384 2943 448 3004 in
483 2942 861 3024 prophetis:
908 2955 974 3004 et
1006 2944 1071 3004 in
1107 2943 1252 3025 ipso
1285 2941 1528 3005 Christi
1559 2942 1911 3023 euangelio
1945 2961 2064 3003 nec
2098 2940 2363 3002 heretici
2397 2938 2792 3020 intelligunt.

384 3028 658 3111 Quanto
692 3031 907 3091 minus
946 3030 1130 3092 Iudei
1160 3051 1173 3092 ε
1221 3030 1538 3110 quamdiu
1570 3029 1873 3091 velamen
1907 3038 2006 3090 est
2038 3048 2238 3109 super
2267 3047 2381 3089 cor
2410 3023 2684 3088 eorum.⁵

1459 3197 1708 3263 Oratio·

489 3309 896 3373 Anctificato
926 3310 1052 3373 hoc
1087 3310 1331 3372 ieiunio
1362 3309 1524 3372 deus
1558 3320 1825 3372 tuorum
1857 3309 2060 3372 corda
2103 3308 2397 3371 fidelium
2449 3307 2796 3369 miserator

529 3396 801 3468 illustra,
890 3408 952 3459 et
1047 3398 1288 3479 quibus
1378 3398 1753 3459 deuotionis
1844 3407 2100 3479 prestas
2179 3394 2493 3458 affectum
2590 3393 2793 3475 prebe

380 3483 906 3577 supplicantibus
941 3484 1122 3565 pium
1156 3483 1483 3566 benignus
1513 3485 1816 3546 auditum
1848 3507 1862 3546 ε
1908 3503 2025 3564 per
2056 3482 2420 3545 dominum.

1018 3675 1085 3745 (1
1129 3669 1329 3731 Feria
1360 3690 1435 3733 .v.
1465 3690 1545 3731 ex
1577 3667 1773 3733 Osee.⁶
1861 3668 2075 3731 Lectio
2107 3668 2165 3732 .i.

400 3782 529 3910 IN
595 3781 1022 3881 tribulatione
1080 3800 1457 3880 sua-mane
1517 3790 1919 3862 consurgent
1979 3779 2066 3843 ad
2125 3800 2230 3841 me
2405 3786 2795 3840 conuertero

510 3870 970 3952 captiuitatem
1006 3867 1235 3950 popuh
1269 3869 1414 3929 mei.

905 4046 972 4116 (1
1022 4039 1388 4103 Secundum
1420 4039 1513 4100 Μ
1506 4035 1840 4101 αίίΙιεαηι.7
1929 4037 2142 4100 Lectio
2175 4036 2258 4117 ,ill

401 4150 841 4281 POstquam
904 4161 1130 4213 autem
1192 4148 1664 4214 crucifixerunt
1723 4169 1876 4212 eum
1951 4148 2322 4211 diuiserunt
2395 4146 2796 4209 vestimenta

551 4240 693 4301 eius
841 4238 1189 4320 signantes
1220 4236 1512 4319 lapidem
1547 4258 1699 4299 cum
1735 4236 2141 4299 custodibus,

484 4429 501 4461 ¹
537 4433 625 4483 Ca.
662 4445 735 4482 10.
765 4434 822 4481 in
846 4450 913 4482 m.
1297 4429 1321 4461 2
1352 4430 1622 4480 sestiuitas:
1661 4443 1740 4494 39.
1769 4443 1862 4479 etc.
2277 4424 2298 4456 ³
2330 4442 2524 4476 canon:
2558 4425 2637 4474 66.

482 4496 503 4527 ⁴
533 4514 628 4546 om.
655 4499 734 4547 ⁶6.
1686 4495 1708 4525 ⁶
1743 4496 1994 4544 Miserere.
2027 4505 2102 4557 50.
2131 4494 2242 4542 add.
2273 4491 2351 4554 63.

482 4560 504 4592 ⁶
535 4563 660 4627 Cap.
699 4564 745 4612 6.
776 4564 834 4611 in
858 4579 923 4612 m.
957 4563 1043 4624 [vi.
1079 4564 1246 4623 1-11.]
1686 4559 1706 4591 ⁷
1739 4559 1910 4621 [xxvii.
1941 4558 2146 4622 35—06.]
