3293 5225
906 394 1135 444 FERIA
1198 393 1482 455 QUINTA
1542 393 1636 442 IN
1690 393 1887 442 CENA
1946 393 2248 443 DOMINI.
2685 408 2779 458 129

371 558 612 625 nostre,
644 569 758 611 sue
790 549 1012 610 anime
1058 545 1295 610 meror1
1330 546 1639 609 aboleret.
1751 545 1842 607 Et
1894 546 2171 610 sortasse
2226 547 2376 609 ideo
2423 547 2627 610 tristis
2671 558 2778 611 est

367 636 525 718 quia
587 646 739 717 post
794 636 946 698 Ade
996 634 1256 717 lapsum
1312 634 1427 696 tali
1480 634 1763 696 transitu
1815 633 2006 696 nobis
2052 643 2194 696 erat
2238 633 2322 696 de
2371 634 2498 696 hoc
2551 634 2779 697 seculo

371 721 812 786 recedendum
846 732 918 784 vt
950 723 1115 784 mori
1148 730 1321 784 esset
1356 740 1622 782 necesse
1673 720 1857 782 Deus
1903 721 2081 783 enim
2116 730 2398 784 mortem
2434 741 2566 784 non
2601 720 2780 798 fecit,

372 831 491 872 nec
525 809 766 873 letatur
798 810 862 871 in
899 806 1365 890 perditionem²
1396 808 1741 869 viuorum:
1789 816 1857 869 et
1903 807 2054 870 ideo
2104 807 2358 870 fastidit
2404 808 2585 889 quod
2633 809 2775 890 ipse

371 917 503 960 non
537 897 693 959 fecit
728 896 1035 976 Denique
1066 897 1159 958 ait
1187 919 1201 957 ι
1249 893 1561 957 Transfer
1593 915 1632 956 a
1667 914 1773 956 me
1804 894 2075 956 calicem
2110 896 2311 957 istum
2345 896 2536 976 quasi
2568 895 2775 957 homo

373 993 653 1046 mortem
689 1003 998 1046 recusans
1030 983 1217 1063 quasi
1243 982 1406 1044 deus
1426 982 1825 1044 sententiam
1857 1002 2046 1044 suam
2082 1002 2438 1046 reseruanS.
2487 981 2777 1064 Oportet

371 1073 548 1133 enirn
585 1091 706 1133 nos
740 1071 907 1132 mori
940 1069 1181 1147 secu10,
1210 1079 1283 1131 vt
1315 1089 1737 1151 resurgamus
1772 1066 1963 1130 De0.3

1084 1211 1150 1280 (Ι
1182 1205 1243 1267 A
1253 1206 1306 1268 d
1324 1205 1564 1269 laudes.
1656 1204 2052 1286 Antzplzona.

500 1319 754 1383 Omnes
815 1319 1115 1382 videntes
1173 1339 1279 1380 me
1331 1318 1700 1380 deriserunt
1756 1337 1878 1394 me,
1926 1317 2181 1399 loquuti
2233 1326 2388 1381 sunt
2449 1317 2661 1400 labijs,
2709 1329 2779 1382 et

366 1418 717 1470 mouerunt
748 1418 966 1488 caput.

1448 1492 1691 1555 Oratio·

490 1598 698 1660 Resta
728 1617 1087 1678 quesumus
1118 1596 1544 1678 omnipotens
1576 1595 1777 1658 deus:
1823 1605 1896 1658 vt
1928 1596 2040 1675 qui
2092 1597 2332 1658 nostris
2386 1596 2774 1659 excessibus

519 1685 949 1747 incessanter*
1007 1682 1380 1765 affligimur,
1457 1703 1573 1763 per
1632 1683 1955 1763 vnigeniti
2019 1681 2154 1763 filiij
2234 1684 2329 1745 tui
2392 1685 2774 1766 passionem

367 1769 761 1834 liberemur:
808 1773 919 1852 qui
954 1780 1191 1834 tecum.

1048 1890 1114 1958 (Ι
1147 1883 1206 1944 Α
1218 1883 1270 1944 α’
1292 1894 1599 1963 vesperas,
1692 1881 2090 1962 Antiphona.

503 1987 812 2071 Sperauit
846 1989 909 2050 in
945 1988 1235 2062 domino,
1267 1987 1503 2068 eripiat
1534 2006 1686 2048 eum
1721 1985 1979 2048 saluum
2028 1986 2225 2048 faciat
2257 2006 2428 2063 eum,
2459 1989 2777 2069 quoniam

372 2074 514 2137 vult
545 2095 716 2138 eum.

497 2168 563 2237 (Ι
594 2162 978 2224 Notandum
1008 2162 1183 2243 quod
1202 2160 1268 2223 si
1296 2160 1362 2223 in
1393 2160 1609 2241 aliquo
1639 2180 1718 2220 ex
1744 2159 1849 2220 his
1879 2159 2088 2221 tribus
2116 2159 2337 2222 diebus
2378 2162 2784 2243 sequentibus

371 2248 673 2311 inciderit
727 2248 998 2330 altouoa'
1031 2248 1286 2328 festum
1347 2248 1631 2328 simplex,
1694 2267 1817 2307 non
1880 2246 2058 2308 debet
2096 2246 2266 2328 fieri
2318 2247 2610 2328 officium,
2672 2270 2783 2312 nec

368 2336 879 2397 commemoratio
910 2335 987 2396 de
1015 2356 1098 2411 eo,
1127 2335 1190 2397 si
1215 2343 1429 2396 autem
1446 2334 1670 2414 fuerit
1697 2333 1930 2414 duplex
1956 2335 2477 2414 transferendum
2524 2345 2620 2397 est
2631 2346 2786 2417 post

367 2433 660 2484 octauam
677 2421 928 2504 pasclze.

1021 2539 1087 2608 (Ι
1116 2533 1316 2595 Feria
1344 2533 1502 2616 quin
1509 2543 1576 2594 ta
1608 2532 1677 2594 in
1708 2553 1859 2594 cena
1903 2532 2168 2596 domini.

499 2644 565 2713 (Ι
596 2638 980 2700 Notandum
1024 2638 1199 2719 quod
1235 2637 1421 2699 lzodie
1464 2635 1732 2699 dieitur⁵
1769 2637 1964 2699 Pater
2010 2635 2277 2700 noster.6
2368 2638 2521 2702 Aue
2569 2642 2777 2702 maria

371 2725 683 2787 dieantur
724 2726 792 2787 in
824 2724 1146 2805 principio
1198 2724 1488 2785 omnium
1537 2724 1849 2785 horarum
1894 2725 2062 2786 sicut
2103 2734 2313 2800 antea,
2342 2726 2461 2788 sed
2482 2726 2779 2788 omnibus

369 2812 525 2892 alijs
568 2811 1026 2893 pretermissis,
1084 2811 1365 2873 absolute
1438 2810 1754 2891 incipitur
1807 2811 2205 2872 matutinum
2280 2812 2362 2874 ab
2421 2813 2778 2894 antiphona

370 2897 722 2979 inscm'pta.⁷
811 2898 1190 2979 Antz‘plzona
1211 2898 1406 2960 Zelus
1438 2896 1680 2959 domus
1712 2907 1823 2960 tue
1842 2898 2131 2960 comedit
2166 2918 2288 2974 me,
2313 2908 2380 2961 et
2412 2900 2768 2982 opprobria

371 2986 918 3068 exprobrantium
953 2984 1074 3047 tibi
1106 2984 1486 3047 ceciderunt
1516 3005 1713 3065 super
1745 3005 1866 3047 me.

499 3073 753 3135 Deinde
798 3070 1129 3135 dicuntur8
1157 3072 1411 3152 psalmi
1452 3080 1513 3132 et
1558 3072 2000 3133 terminantur
2052 3070 2333 3134 absolute
2360 3071 2500 3133 sine
2549 3071 2778 3136 Gloria

372 3161 540 3242 patri
602 3170 666 3221 et
719 3159 812 3221 sic
869 3159 1313 3221 terminantur
1366 3158 1561 3219 etiam
1640 3158 1708 3218 in
1770 3158 2064 3220 omnibus
2120 3159 2277 3239 alijs
2334 3158 2526 3222 lzoris.
2614 3160 2782 3223 Post

352 3247 645 3327 psalmos
669 3247 977 3327 repetitur
1001 3245 1369 3326 antiphona,
1399 3254 1463 3307 et
1488 3246 1714 3306 statim
1747 3245 1991 3307 dicitur
2010 3246 2204 3307 Pater
2236 3256 2459 3308 noster
2487 3256 2550 3308 et
2574 3257 2778 3309 cetera

365 3333 619 3395 Deinde
648 3334 957 3395 dicuntur
983 3342 1112 3394 tres
1138 3342 1460 3414 sequentes
1489 3331 1778 3394 lectiones
1805 3333 1945 3393 sine
1989 3332 2520 3395 benedictionibus
2547 3344 2609 3396 et
2635 3335 2778 3396 sine

369 3419 476 3483 Tu
509 3430 750 3483 autem.

584 3548 795 3611 Lectio
812 3549 1055 3629 prima.
1143 3548 1553 3610 Lamentatio
1583 3547 1853 3609 leremie
1868 3547 2211 3629 prophete?
2300 3548 2359 3609 A
2371 3549 2526 3630 leph.

519 3648 960 3724 Vomododo†
990 3650 1232 3714 sedet¹⁰
1262 3650 1403 3713 sola
1437 3651 1670 3713 ciuitas
1703 3651 1900 3732 plena
1931 3651 2202 3734 populo,
2228 3651 2403 3713 facta
2435 3663 2538 3715 est
2583 3656 2770 3735 quasi

546 3739 747 3802 vidua
807 3738 1080 3801 domina
1140 3740 1437 3819 gentium
1644 3737 1937 3802 Lametlz.
2048 3739 2108 3802 O
2186 3759 2304 3800 vos
2365 3760 2596 3802 omnes
2657 3744 2772 3822 qui

371 3827 665 3889 transitis
716 3846 831 3908 per
876 3827 1073 3901 viam,
1119 3826 1462 3900 attendite,
1494 3834 1559 3887 et
1612 3825 1834 3888 videte
1883 3826 1934 3887 si
1985 3835 2085 3887 est
2139 3825 2328 3888 dolor
2372 3828 2540 3889 sicut
2585 3827 2773 3890 dolor

372 3933 572 3976 meus.
668 3912 1004 3994 Quoniam
1051 3913 1487 3974 vindemiauit
1520 3933 1625 3974 me
1659 3923 1727 3974 vt
1772 3911 2029 3974 locutus
2062 3924 2162 3974 est
2194 3912 2504 3976 dominus
2552 3915 2616 3976 in
2664 3916 2773 3978 die

370 4002 461 4063 ire
495 4000 727 4062 furoris
759 4001 875 4062 sui.
1000 3998 1379 4075 Ierusalem,
1436 3999 1795 4061 Ierusalem
1843 4010 2228 4062 conuertere
2281 3998 2367 4061 ad
2422 4001 2768 4063 dominum

373 4087 590 4150 Deum
628 4097 834 4150 tuum.

464 4200 481 4231 ¹
516 4217 726 4250 moerore
755 4219 767 4249 ι
804 4201 881 4249 61.
911 4199 989 4260 64.
1600 4198 1621 4229 ‘2
1655 4200 1962 4263 perditione:
2000 4214 2076 4264 39.
2106 4212 2199 4252 etc.

466 4264 486 4295 ³
521 4268 772 4316 Miserere.
806 4277 881 4329 50.
911 4267 1021 4314 add.
1051 4265 1130 4327 63.
1602 4264 1621 4294 ⁴
1656 4277 2001 4315 necessanter:
2039 4266 2116 4315 66.

464 4330 485 4361 ⁸
517 4349 608 4380 om.
641 4344 717 4394 39.
747 4340 839 4380 etc.
1600 4328 1621 4359 ⁶
1653 4340 1733 4380 et:
1766 4333 1876 4380 add.
1918 4344 1994 4394 39.
2024 4344 2102 4392 41.
2132 4344 2210 4394 43.
2240 4347 2318 4393 44.
2349 4346 2427 4394 49.
2457 4332 2534 4382 61.
2565 4333 2642 4396 63.
2671 4333 2752 4383 66.

461 4395 482 4427 ⁷
517 4397 842 4461 infrascm'pta
856 4411 873 4443 .·
907 4407 984 4458 39.
1014 4406 1105 4445 etc.
1600 4393 1620 4425 ⁸
1653 4398 1843 4444 dicitur
1857 4412 1876 4443 .·
1910 4395 1986 4459 38.

464 4459 485 4490 ⁹
518 4463 569 4523 [i.
606 4462 772 4522 1-12.]
1596 4459 1631 4489 ¹⁰
1667 4462 1816 4511 edet:
1854 4461 1932 4511 66.

460 4542 517 4591 B.
552 4542 615 4591 R.
656 4542 722 4592 N.
2462 4543 2514 4591 K
