3293 5225
531 456 620 516 148
962 455 1191 503 FERIA
1240 454 1295 503 V.
1335 452 1775 502 DOMJNJCAE
1809 452 1915 501 ΙΙΙ.
1957 452 2149 500 POST
2175 451 2481 500 PASCHA.

529 608 868 692 paululum
905 608 1263 670 resurrexit
1294 616 1361 670 et
1393 606 1698 670 viderunt
1729 625 1900 670 eum.
1996 604 2169 667 Illud
2202 613 2425 667 autern
2473 603 2653 685 quod
2701 605 2794 667 ait
2832 627 2845 666 :
2878 612 2945 665 et

530 697 659 758 iam
708 716 841 758 non
874 695 1183 758 videbitis
1216 714 1340 770 me,
1371 694 1526 775 quia
1574 693 1703 754 isto
1748 694 1951 756 verbo
2000 692 2065 755 id
2120 701 2222 754 est
2269 689 2434 753 taml
2490 691 2615 754 hoc
2667 689 2943 773 intelligi

529 781 737 845 voluit
768 782 947 863 quod
981 802 1133 844 eum
1167 781 1438 844 vlterius
1471 800 1601 842 non
1636 780 1952 853 viderent,
1987 779 2075 842 ibi
2121 779 2558 862 exposuimus
2604 778 2946 859 quomodo

531 869 990 952 accipiendum
1025 870 1128 946 sit,
1158 870 1269 931 vbi
1303 868 1493 931 dixit.
1588 866 1694 928 De
1727 867 1977 929 iustitia
2023 875 2256 946 arguet
2305 865 2627 928 mundum
2677 865 2944 948 spiritus

531 965 798 1018 sanctus
848 957 1004 1037 quia
1057 957 1141 1018 ad
1194 963 1447 1038 patrem
1499 953 1692 1027 vad0,
1743 963 1810 1016 et
1863 954 1994 1016 iam
2051 973 2181 1016 non
2233 952 2543 1016 videbitis
2600 973 2707 1014 me
2743 952 2945 1033 :quia

530 1042 777 1106 scilicet
812 1042 1177 1118 mortalem,
1209 1042 1547 1106 Christum
1581 1040 1852 1103 vlterius
1885 1060 2017 1102 non
2052 1037 2402 1103 viderunt.2

1618 1195 1864 1258 Oratio.

546 1309 823 1437 DEus
853 1310 965 1390 qui
998 1306 1371 1371 errantibus
1403 1318 1473 1371 vt
1506 1308 1571 1368 in
1605 1308 1778 1368 viam
1815 1308 2073 1388 possint
2105 1307 2314 1368 redire
2362 1307 2608 1369 iustitie
2652 1306 2948 1368 veritatis

710 1407 821 1459 tue
869 1396 1090 1458 lumen
1140 1395 1436 1458 ostendis
1472 1395 1607 1457 :da
1653 1395 1909 1456 cunctis
1955 1395 2066 1474 qui
2137 1393 2493 1456 christiana
2540 1393 2947 1475 professione

529 1493 897 1561 censentur,
928 1493 994 1545 et
1020 1482 1130 1545 illa
1163 1502 1467 1565 respuere
1497 1501 1627 1563 que
1658 1481 1810 1544 huic
1843 1481 2108 1544 inimica
2141 1489 2295 1543 sunt
2328 1481 2578 1543 nomini
2610 1490 2677 1543 et
2707 1500 2787 1542 ea
2818 1498 2947 1560 que

528 1579 681 1632 sunt
714 1580 872 1653 apta
905 1570 1156 1633 sectari.
1251 1570 1389 1633 Per.

947 1712 1015 1782 (Ι
1045 1705 1244 1769 Feria
1273 1706 1550 1768 secunda
1580 1726 1659 1767 ex
1690 1704 1963 1769 Genesz‘.3
2052 1705 2264 1767 Lectio
2280 1705 2524 1786 prima.

514 1729 529 1750 .

547 1819 973 1947 REuersus
1005 1828 1106 1881 est
1141 1819 1363 1899 itaque
1397 1818 1509 1880 illo
1540 1817 1648 1880 die
1683 1818 1863 1880 Esau
1912 1817 2145 1880 itinere
2191 1837 2326 1899 quo
2370 1824 2640 1879 venerat
2687 1816 2751 1878 in
2803 1814 2946 1878 Seir

744 1955 786 1968 ..
824 1916 996 1969 terra
1062 1906 1126 1967 in
1176 1914 1507 1989 potestate
1553 1913 1770 1967 vestra
1837 1914 1956 1980 est,
2001 1914 2326 1980 exercete,
2375 1903 2833 1986 negociamini,
2878 1911 2943 1964 et

532 1993 865 2076 possidete
895 2013 1062 2057 eam.

808 2136 876 2206 (I
905 2130 1017 2193 Ex
1042 2130 1303 2211 epistola
1332 2129 1544 2192 Pauli
1567 2129 1664 2191 ad
1687 2129 2056 2193 Romanos*
2143 2129 2354 2192 Lectio
2382 2130 2673 2195 secunda.

538 2243 927 2374 OBsecro
960 2244 1183 2323 itaque
1212 2263 1331 2305 vos
1364 2241 1595 2304 fratres
1644 2262 1760 2323 per
1791 2242 2309 2305 misericordiam
2334 2242 2460 2305 Dei
2595 2243 2751 2307 Noli
2777 2245 2949 2307 vinci

713 2351 751 2393 a
787 2330 980 2404 malo,
1013 2330 1129 2392 sed
1163 2331 1350 2391 vince
1385 2330 1449 2390 in
1482 2329 1662 2391 bono
1696 2328 1964 2393 malum.

997 2473 1062 2542 (Ι
1095 2466 1295 2529 Feria
1326 2466 1520 2528 tertia
1550 2487 1628 2527 ex
1661 2465 1931 2531 Genesi.⁵
2020 2466 2232 2529 Lectio
2247 2467 2490 2549 prima.

541 2579 747 2712 SEd
780 2590 847 2644 et
880 2579 1147 2645 Sichem
1181 2578 1265 2641 ad
1300 2588 1556 2662 patrem
1591 2588 1659 2642 et
1704 2578 1788 2641 ad
1836 2579 2069 2642 fratres
2115 2579 2254 2642 eius
2301 2580 2394 2644 ait
2543 2580 2953 2664 Assensique

667 2678 821 2730 sunt
853 2687 1103 2742 omneS,
1135 2666 1537 2729 circumcisis
1568 2667 1822 2729 cunctis
1857 2667 2165 2731 maribus,

829 2827 894 2896 (Ι
927 2821 1038 2882 Ex
1064 2820 1325 2901 epistola
1354 2820 1567 2882 Pauli
1590 2820 1685 2881 acl
1709 2819 2077 2884 Ro7ttan05.⁶
2165 2820 2378 2883 Lectio
2405 2821 2697 2885 secunda.

547 2933 872 3064 OMnis
937 2933 1161 2994 anima
1226 2932 1669 3013 potestatibus
1733 2931 2223 2995 sublimioribus
2289 2932 2581 2998 subdita⁷
2643 2936 2729 2999 sit
2890 2945 2957 2997 et

720 3020 933 3082 carnis
966 3039 1191 3082 curam
1227 3040 1309 3082 ne
1341 3019 1624 3082 feceritis
1659 3020 1721 3081 in
1758 3019 2116 3100 desiderijS.

1126 3170 1191 3239 (Ι
1223 3163 1423 3225 Feria
1453 3184 1592 3244 azy.
1624 3183 1704 3225 ex
1736 3162 2008 3226 Genes2·.⁸
2095 3164 2307 3228 Lectio
2338 3166 2395 3229 .i.

567 3277 751 3405 ET
785 3296 936 3338 ecce
975 3300 986 3337 :
1020 3277 1128 3339 die
1158 3276 1354 3338 tertio
1385 3275 1656 3356 quando
1687 3276 2115 3356 grauissimus
2146 3276 2493 3340 vulnerum
2527 3277 2718 3340 dolor
2747 3287 2846 3341 est

721 3372 789 3425 et
820 3383 952 3425 non
987 3372 1143 3425 sunt
1174 3364 1315 3425 ausi
1349 3362 1651 3445 persequi
1687 3363 2085 3425 recedentes,

800 3524 865 3593 (Ι
898 3518 1009 3579 Ex
1036 3517 1328 3598 Epistola
1360 3515 1572 3578 Pauli
1594 3515 1692 3576 ad
1712 3515 2084 3579 Romanos?
2172 3517 2383 3580 Lectio
2411 3520 2701 3582 secunda.

574 3630 703 3756 IN
712 3629 975 3692 firmum
1009 3639 1232 3691 autem
1267 3629 1332 3690 in
1368 3627 1498 3691 fide
1532 3629 1848 3691 assumite
1998 3631 2313 3710 probatus
2345 3639 2444 3693 est
2477 3631 2872 3696 hominibus,

982 3835 1047 3904 (Ι
1079 3828 1277 3890 Feria
1306 3828 1536 3909 quinta
1564 3848 1645 3889 ex
1679 3825 1976 3891 Genesi.10
2063 3828 2273 3890 Lectio
2291 3829 2530 3910 prima.

569 3940 867 4069 VEnit
900 3941 1099 4022 igitur
1150 3939 1351 4003 Iacob
1400 3939 1653 4002 Luzam
1701 3960 1829 4040 que
1875 3949 1975 4002 est
2023 3942 2086 4002 in
2137 3941 2674 4042 terra-Chanaan
2723 3963 2968 4043 cogno·

562 4038 962 4178 dexttrrgento
1026 4027 1259 4090 Bethel
1409 4026 1772 4110 appellauit
1818 4046 1968 4090 eum
2036 4028 2403 4104 Benlamm,
2480 4031 2543 4092 1d
2621 4040 2723 4093 est
2798 4029 2972 4092 filius

666 4250 681 4280 ¹
717 4252 850 4300 iam:
889 4250 966 4314 38.
996 4260 1087 4301 etc.
1868 4249 1890 4280 2
1922 4252 1995 4300 Te
2019 4251 2164 4300 deum
2189 4269 2201 4300 :
2239 4254 2348 4301 add.
2378 4251 2455 4314 63.

664 4316 685 4345 ³
718 4316 906 4376 [xxxiii.
942 4317 1229 4365 16-xxxiv.
1267 4316 1366 4376 10.]
1869 4314 1890 4345 ⁴
1923 4315 2011 4366 Ca.
2049 4330 2104 4365 12
2129 4319 2186 4364 in
2210 4333 2274 4366 m.
2305 4317 2407 4377 [xii.
2446 4318 2611 4378 1-21.]

663 4380 684 4410 ⁵
717 4382 901 4442 [xxxiv.
937 4383 1135 4442 11-24]
1870 4379 1891 4410 ⁰
1925 4382 2011 4431 Ca.
2049 4394 2120 4444 13.
2150 4384 2208 4429 in
2231 4398 2294 4430 m.
2327 4383 2449 4442 [xiii.
2485 4385 2650 4445 1-14.]

662 4446 683 4477 ⁷
716 4448 909 4496 sudita:
947 4459 1024 4509 43.
1877 4444 1897 4475 ³
1929 4447 2112 4506 [xxxiv.
2144 4457 2417 4510 25—xxxv.
2450 4449 2520 4512 5.]

662 4510 684 4541 ⁹
718 4514 805 4561 Ca.
842 4525 899 4571 14
922 4513 980 4559 in
1004 4529 1067 4560 m.
1097 4512 1215 4573 [xiv.
1253 4511 1418 4573 1-18,]
1851 4509 1891 4540 ¹⁰
1924 4512 2089 4571 [xxxv.
2120 4511 2290 4573 6—18.]
