3293 5225
542 443 608 500 48
1124 440 1188 487 H
1185 439 1233 487 E
1238 439 1343 487 ΒΖ)
1351 439 1505 486 OMA
1514 439 1616 486 DA
1657 439 1899 486 PRIMA
1939 441 1984 485 .-!
1992 439 2045 486 D
2059 438 2251 486 VEN?
2259 438 2369 488 'US.

549 594 801 657 mundo
876 594 1075 656 corde
1134 603 1201 656 et
1262 603 1446 654 casto
1523 612 1797 673 corpore
1857 591 1943 654 ad
2021 590 2228 654 altare
2302 591 2556 653 domini
2636 592 2964 673 possimus

549 684 880 756 accedere,
940 693 1007 743 et
1068 700 1306 762 corpus
1367 690 1433 742 et
1495 680 1889 761 sanguinem
1940 680 2078 741 eius
2126 699 2256 740 non
2318 678 2404 741 ad
2469 678 2782 741 iudicium
2845 676 2960 738 sed

549 769 633 832 ad
696 769 1062 831 remedium
1125 769 1347 830 anime
1409 777 1630 829 nostre
1710 786 2082 828 mereamur
2141 768 2453 848 accipere.
2578 767 2653 827 In
2719 765 2960 830 Christi

548 857 725 918 enim
818 875 1092 937 corpore
1166 855 1304 916 vita
1381 862 1606 916 nostra
1694 855 2014 930 consistit,
2088 854 2257 916 sicut
2334 854 2474 935 ipse
2548 853 2740 928 dixit,
2819 852 2961 914 Nisi

552 942 1112 1006 manducaueritis
1155 961 1418 1004 carnem
1456 940 1567 1020 filij
1605 940 1908 1016 hominis,
1939 951 2006 1003 et
2039 940 2334 1003 biberitis
2382 942 2522 1003 eius
2552 941 2969 1022 sanguinem,

552 1051 683 1093 non
749 1030 1077 1093 habebitis
1137 1030 1343 1091 vitam
1406 1029 1470 1089 in
1534 1029 1740 1091 vobis.
1866 1029 2084 1091 Mutet
2144 1048 2303 1108 ergo
2365 1028 2591 1101 vitam,
2648 1029 2760 1109 qui
2823 1027 2963 1088 vult

549 1119 847 1200 accipere
877 1118 1098 1180 vitam.
1194 1116 1371 1177 Nam
1405 1117 1458 1177 si
1493 1135 1625 1178 non
1680 1125 1892 1178 mutet
1924 1116 2149 1190 vitam,
2181 1114 2265 1177 ad
2301 1114 2613 1178 iudicium
2658 1113 2960 1195 accipiet¹

550 1207 777 1278 vitam,
839 1214 905 1266 ct
983 1203 1197 1285 magis
1257 1223 1346 1264 ex
1409 1204 1552 1284 ipsa
1613 1204 2055 1285 corrumpitur
2131 1223 2332 1284 quam
2410 1212 2694 1276 sanetur,
2756 1203 2969 1281 magis

551 1293 873 1355 occiditur
932 1310 1134 1372 quam
1197 1288 1580 1352 viuificetur.
1706 1288 1817 1353 Sic
1877 1291 2056 1352 enim
2134 1291 2309 1353 dixit
2385 1289 2774 1372 ApostoluS,
2835 1288 2967 1370 Qui

554 1381 916 1442 manducat
988 1398 1226 1458 corpus
1302 1377 1556 1439 domini
1626 1386 1694 1439 et
1769 1377 1936 1439 bibit
2012 1378 2401 1459 sanguinem
2480 1377 2620 1439 eius
2695 1376 2964 1455 indigne

554 1467 870 1529 iudicium
919 1465 1044 1527 sibi
1102 1466 1463 1527 manducat
1517 1474 1583 1526 et
1633 1463 1816 1526 bibit.
1913 1465 2001 1526 Et
2055 1463 2206 1526 licet
2256 1484 2377 1527 nos
2431 1465 2612 1526 omni
2668 1472 2967 1545 tempore

552 1554 744 1616 bonis
789 1551 1098 1633 operibus
1158 1561 1429 1614 ornatos
1489 1572 1567 1614 ac
1621 1549 2007 1633 splendidos
2051 1571 2196 1613 esse
2242 1552 2613 1624 conueniat,
2662 1553 2968 1631 precipue

553 1651 778 1703 tamen
813 1641 876 1702 in
912 1640 1019 1703 die
1054 1639 1292 1701 natalis
1341 1639 1612 1711 domini,
1643 1639 1812 1701 sicut
1845 1640 1907 1700 in
1947 1639 2318 1720 Euangelio
2357 1640 2499 1721 ipse
2531 1638 2723 1713 dixit,
2754 1637 2969 1700 lucere

553 1728 804 1790 debent
864 1726 1242 1789 hominibus
1305 1747 1507 1807 opera
1581 1737 1817 1788 vestra.
1929 1725 2389 1807 Consyderate
2442 1724 2675 1808 queso2
2738 1725 2968 1787 fratres

556 1816 826 1897 quando
876 1814 1116 1896 aliquis
1170 1814 1374 1875 homo
1425 1824 1662 1895 potens
1714 1823 1828 1874 aut
1881 1813 2120 1897 nobi-lis
2153 1812 2442 1876 natalem
2477 1824 2592 1874 aut
2625 1833 2817 1875 suum
2850 1820 2965 1873 aut

556 1902 668 1982 filij
734 1903 832 1963 sui
895 1900 1224 1963 celebrare
1287 1900 1662 1981 desyderat,
1721 1912 1975 1980 quanto
2036 1901 2258 1962 studio
2318 1911 2473 1962 ante
2546 1899 2765 1982 plures
2825 1900 2965 1960 dies

557 1988 872 2071 quicquid
950 1990 1014 2050 in
1077 1987 1282 2050 domo
1344 2008 1463 2049 sua
1525 1986 1848 2049 sordium3
1897 1989 2221 2050 inuenerit
2281 1987 2544 2050 ordinat
2603 1987 2972 2060 emundari,

556 2076 870 2158 quicquid
952 2076 1250 2157 ineptum
1327 2084 1395 2137 et
1471 2076 1907 2155 incongruum
1988 2075 2237 2157 proijci,
2297 2076 2611 2156 quicquid
2689 2073 2845 2136 vtile
2904 2082 2971 2136 et

559 2164 999 2225 necessarium
1064 2162 1342 2244 precipit
1403 2162 1721 2224 exhiberi.
1844 2162 2106 2225 Domus
2168 2163 2261 2225 et4
2320 2163 2372 2223 si
2434 2162 2714 2224 obscura
2777 2162 2970 2223 suerit

557 2250 920 2324 dealbatur,
973 2249 1385 2330 pauimento⁵
1430 2250 1651 2330 scopis
1712 2251 2136 2324 mundantur,
2185 2259 2251 2312 et
2312 2248 2616 2310 diuersis6
2677 2269 2972 2330 respersa

559 2337 827 2400 floribus
903 2336 1326 2399 adornantur.
1450 2335 1785 2418 Quicquid
1863 2337 2066 2399 etiam
2143 2337 2228 2399 ad
2308 2335 2538 2399 letitie?
2607 2337 2828 2398 anime
2903 2344 2969 2397 et

557 2425 850 2507 corporis
881 2423 1149 2485 delicias
1181 2425 1465 2504 pertinet
1497 2424 1679 2486 omni
1712 2422 2129 2486 solicitudine
2163 2422 2589 2506 prouidetur.·⁸‘
2679 2423 2776 2485 Vt
2807 2422 2967 2504 quid

559 2513 684 2574 ista
748 2510 979 2573 fratres
1058 2511 1442 2585 charissimi,
1520 2512 1640 2573 nisi
1719 2521 1789 2574 vt
1864 2512 2007 2573 dies
2083 2511 2420 2574 natalitius
2495 2530 2646 2572 cum
2724 2508 2973 2591 gaudio

559 2598 925 2662 celebretur
1015 2598 1301 2660 hominis
1386 2599 1734 2662 morituri?
1873 2598 1944 2663 Si
2020 2620 2180 2679 ergo
2257 2607 2444 2661 tanta
2521 2620 2829 2681 preparas
2908 2599 2972 2658 in

564 2686 864 2749 natalitio
925 2696 1042 2749 tuo
1102 2695 1218 2748 aut
1280 2685 1390 2766 filij
1458 2688 1571 2761 tui,
1634 2696 1886 2769 quanta
1948 2696 2014 2748 et
2075 2687 2297 2768 qualia
2357 2707 2707 2768 preparare
2769 2686 2976 2747 debes

561 2784 986 2855 suscepturus
1047 2773 1339 2835 natalem
1403 2774 1656 2835 domini
1712 2774 1861 2836 tui?
1953 2773 2023 2838 Si
2073 2773 2231 2836 talia
2279 2794 2590 2855 preparas
2639 2774 2980 2845 moritum,

562 2861 785 2942 qualia
838 2858 1141 2941 prepare⁹
1171 2861 1374 2923 debes
1420 2866 1696 2923 eterno?
1833 2861 2166 2942 Quicquid
2201 2882 2360 2942 ergo
2401 2882 2529 2923 non
2565 2862 2661 2922 vis
2696 2860 2971 2922 inueniri

562 2950 625 3009 in
691 2949 894 3009 domo
944 2957 1058 3010 tua
1119 2958 1443 3029 quantum
1503 2958 1693 3030 potes
1749 2948 1976 3010 labora
2023 2959 2094 3010 vt
2146 2969 2276 3010 non
2336 2949 2630 3010 inueniat
2694 2949 2856 3009 deus
2908 2948 2972 3008 in

559 3037 783 3098 anima
816 3043 947 3096 tua.

1169 3152 1235 3220 (1
1268 3147 1465 3208 Faria
1497 3169 1572 3209 ,τη
1605 3168 1684 3208 ex
1709 3145 1964 3210 lsaiast0
2053 3147 2262 3208 Lcctz'o
2305 3150 2364 3229 j.

579 3258 765 3388 ET
800 3258 1048 3321 sactum
1096 3269 1198 3320 est
1246 3259 1309 3321 in
1375 3258 1607 3321 diebus
1672 3256 1986 3322 Acham¹¹
2044 3257 2156 3340 filij
2222 3260 2501 3321 Ioathan
2689 3272 2754 3322 vt
2811 3260 2976 3322 sciat

735 3346 1085 3427 reprobare
1117 3346 1388 3422 malum,
1418 3355 1484 3408 et
1515 3347 1757 3429 eligere
1789 3346 2056 3409 bonum.

1150 3476 1215 3545 (I
1252 3471 1619 3533 Secundum
1652 3470 1968 3534 Lucam.¹2
2055 3471 2265 3533 Lectio
2295 3493 2379 3552 ay.

581 3584 767 3713 ET
814 3593 1170 3666 postquam
1223 3584 1666 3646 consummati
1716 3594 1869 3646 sunt
1915 3585 2055 3646 dies
2110 3594 2261 3646 octo
2307 3594 2378 3647 vt
2423 3585 2978 3647 circuncideretur

739 3691 966 3752 puer..
985 3680 1104 3732 .vt
1136 3671 1508 3733 reuelentur
1539 3690 1627 3732 ex
1665 3670 1888 3734 multis
1919 3671 2226 3734 cordibus
2259 3673 2714 3755 cogitationes,

695 3788 763 3858 ΙΙ
820 3782 1103 3861 Sequens
1150 3784 1343 3843 tertta
1396 3783 1572 3845 lectco
1617 3784 1884 3845 decenda
1914 3794 2008 3846 est
2040 3805 2107 3845 m
2138 3784 2433 3846 omntbus
2489 3785 2737 3865 qmnlis
2773 3784 2984 3863 ferijs

564 3871 887 3933 aduentus
914 3869 1172 3949 quando
1204 3890 1326 3931 non
1356 3872 1634 3932 occurrit
1659 3871 1934 3949 sestam,
1963 3871 2276 3951 excipitur
2303 3872 2409 3952 vzjg
2419 3871 2537 3933 ilia
2587 3872 2986 3947 natiuitatis,

564 3959 628 4019 si
656 3956 958 4018 inciderit
988 3957 1056 4018 in
1069 3957 1258 4035 feria
1287 3956 1531 4037 quinta.

698 4045 810 4106 Ex
832 4064 1119 4106 sermone
1146 4044 1357 4105 sancti
1382 4045 1756 4124 Augustini
1784 4044 2092 4125 Episcopi.
2184 4045 2393 4108 Lectio
2424 4045 2518 4127 iij.

668 4179 681 4209 ¹
718 4180 931 4245 accipit:
968 4179 1046 4228 61.
1076 4179 1154 4240 64.
2064 4180 2087 4210 '³
2117 4198 2209 4231 om.
2240 4195 2317 4244 39.

666 4243 687 4273 ³³
720 4245 1011 4295 sordidum:
1048 4258 1126 4307 39.
1155 4258 1233 4305 41.
1263 4257 1341 4305 49.
1372 4244 1451 4294 60.
1481 4244 1559 4294 61.
1591 4246 1670 4305 64.
2063 4246 2078 4275 ⁸
2112 4248 2294 4297 etiam:
2332 4261 2409 4310 39.
2440 4258 2532 4298 etc.

667 4310 687 4337 ⁵
728 4311 898 4360 Thus:
932 4310 1249 4375 pauimenta.
1288 4310 1369 4372 38,
1395 4322 1487 4360 etc.
2063 4309 2085 4340 ⁰
2116 4313 2333 4363 diuersi:
2371 4314 2448 4363 66.

668 4376 686 4406 ⁷
722 4375 978 4425 laetitiam:
1015 4375 1094 4425 60.
1123 4375 1202 4424 61.
2069 4376 2091 4408 ⁸
2123 4380 2476 4443 prouideatur·
2513 4379 2592 4428 66.

667 4442 688 4467 ⁸
730 4442 903 4490 Thus:
937 4456 1230 4506 preparare.
1270 4441 1351 4504 38·
1377 4450 1470 4491 etc.
2066 4441 2105 4472 ¹⁰
2139 4444 2263 4509 Cap.
2294 4456 2337 4505 7.
2368 4448 2426 4493 iu
2451 4463 2514 4495 111.
2545 4446 2647 4505 [vii
2685 4461 2739 4495 1—
2750 4447 2849 4510 15.]

670 4505 703 4535 ¹¹
748 4506 946 4555 Achaz·
935 4518 1051 4569 ‚39.
1081 4518 1173 4555 etc.
2077 4507 2118 4539 ¹·
2162 4511 2234 4571 [ii.
2266 4524 2439 4576 21-35.
