3293 5225
693 484 924 533 FERIA
980 484 1079 533 IV.
1141 483 1584 532 DOMINICAE
1637 484 1746 532 Ill.
1817 478 2489 542 QUADRAGESJMAE.
2715 487 2804 540 105

914 697 980 766 (Ι
1023 690 1243 753 Tertia
1272 690 1448 752 lectio
1488 690 1833 751 secundum
1865 689 1958 751 M
1952 685 2281 750 attlzeum.¹

479 805 539 866 N
590 803 702 866 illo
758 812 1094 885 ternpore:
1159 802 1549 883 Respiciens
1602 801 1789 864 Iesus
1840 803 1904 863 in
1968 797 2327 880 discipulos
2374 818 2563 860 suos:
2623 796 2806 859 dixit

520 891 777 955 Simoni
816 891 1047 952 Petro:
1098 889 1170 953 Si
1204 890 1575 971 peccauerit
1612 889 1676 950 in
1711 898 1776 951 te
1809 888 2008 951 frater
2041 898 2210 963 tuuS,
2241 885 2412 947 vade
2448 893 2515 946 et
2547 885 2803 965 corripe

391 999 542 1041 eum
580 980 750 1041 inter
781 987 847 1040 te
879 991 944 1040 et
978 978 1195 1058 ipsum
1232 974 1462 1037 solum.
1557 976 1648 1037 Et
1683 977 1950 1055 reliqua.

917 1119 983 1188 (Ι
1014 1113 1098 1175 H
1092 1113 1318 1175 omilia
1346 1113 1559 1175 sancti
1585 1114 1645 1175 A
1659 1113 1959 1195 agustini
1985 1111 2263 1193 episcopi.

544 1227 721 1290 Vare
775 1226 959 1289 illum
1022 1226 1340 1308 corripis?
1433 1224 1609 1307 Quia
1658 1224 1844 1288 doles
1906 1224 2086 1305 quod
2142 1223 2515 1306 peccauerit
2571 1223 2634 1284 in
2693 1227 2806 1284 te?

589 1314 826 1376 Absit:
859 1315 913 1375 si
940 1333 1166 1375 amore
1197 1313 1292 1375 tui
1321 1313 1384 1374 id
1421 1311 1620 1375 facis:
1656 1313 1815 1375 nihil
1852 1312 2050 1374 facis:
2084 1312 2138 1373 si
2166 1331 2392 1373 amore
2419 1309 2593 1372 illius
2626 1309 2807 1383 saciS,

392 1403 647 1484 optime
693 1400 869 1464 facis,
963 1401 1272 1480 Denique
1318 1401 1383 1462 in
1440 1401 1596 1481 ipsis
1642 1400 1858 1462 verbis
1904 1400 2177 1461 attende
2223 1399 2406 1460 cuius
2467 1417 2692 1459 amore
2739 1395 2805 1459 id

396 1490 609 1551 facere
633 1486 904 1550 debea52
928 1497 1146 1550 vtrum
1174 1497 1288 1550 tua
1313 1506 1395 1548 an
1425 1486 1612 1549 illius.
1707 1486 1779 1551 Si
1805 1497 1870 1549 te
1895 1485 2176 1549 audierit
2211 1484 2484 1565 (inquit)
2518 1483 2807 1546 lucratus

393 1577 522 1637 eris
554 1575 822 1637 fratrem
856 1585 1062 1637 tuum.
1144 1574 1324 1655 Ergo
1356 1584 1623 1656 propter
1649 1573 1832 1635 illum
1867 1574 1969 1636 sac
2001 1583 2071 1635 vt
2103 1572 2369 1635 lucreris
2402 1571 2604 1634 illum.
2694 1569 2805 1634 Sic

399 1663 703 1725 faciendo
758 1661 1064 1724 lucraris:
1122 1662 1242 1723 nisi
1302 1660 1566 1722 fecisses
1621 1662 1919 1742 perierat.
2013 1659 2194 1742 Quid
2249 1668 2351 1721 est
2411 1679 2569 1740 ergo
2624 1658 2805 1739 quod

397 1748 692 1832 plerique
712 1748 1016 1811 homines
1037 1750 1163 1810 ista
1183 1758 1456 1830 peccata
1476 1758 1916 1811 contemnunt
1935 1758 2001 1810 et
2022 1747 2250 1809 dicunt
2273 1769 2285 1807 ε
2306 1746 2465 1826 quid
2489 1764 2807 1825 magnum

398 1836 568 1899 feci?
665 1836 739 1897 In
776 1837 1113 1898 hominem
1148 1836 1416 1918 peccaui
1528 1833 1684 1897 Noli
1711 1845 2136 1897 contemnere
2161 1834 2337 1914 quod
2367 1834 2431 1895 in
2467 1833 2805 1894 hominem

397 1924 704 2006 peccasti.
795 1921 940 1984 Vis3
974 1940 1167 1985 nosse
1198 1923 1355 2004 quia
1387 1923 1453 1984 in
1485 1921 1826 1984 hominem
1875 1921 2214 2005 peccando
2262 1920 2527 2002 perijsti.
2622 1918 2693 1982 Si
2742 1928 2809 1981 te

398 2009 508 2073 ille
533 2011 597 2072 in
624 2030 825 2090 quem
852 2011 1138 2092 peccasti
1165 2010 1550 2091 corripuerit
1576 2010 1747 2071 inter
1771 2020 1837 2071 te
1860 2020 1927 2072 et
1952 2010 2168 2091 ipsum
2196 2010 2408 2070 solum
2432 2017 2500 2069 et
2523 2007 2809 2068 audieris

400 2098 585 2160 illum
613 2096 901 2160 lucratus
924 2105 1025 2158 est
1059 2106 1139 2159 te.
1233 2094 1411 2177 Quid
1439 2106 1538 2158 est
1565 2097 1855 2158 lucratus
1879 2105 1980 2158 est
2011 2105 2116 2158 te:
2150 2096 2273 2158 nisi
2299 2093 2483 2175 quia⁴
2507 2095 2811 2175 perieraS‚

398 2186 452 2246 si
488 2204 619 2246 non
655 2183 1016 2246 lucraretur
1046 2189 1158 2246 te?
1252 2182 1427 2246 Nam
1455 2184 1506 2244 si
1542 2203 1676 2245 non
1703 2184 2024 2266 perieras:
2058 2181 2397 2263 quomodo
2429 2191 2496 2243 te
2520 2180 2810 2243 lucratus

400 2277 545 2334 est?
639 2271 858 2333 Nemo
907 2291 1065 2352 ergo
1114 2280 1538 2333 contemnat:
1593 2269 1865 2351 quando
1915 2280 2145 2352 peccat
2195 2270 2257 2331 in
2312 2267 2598 2330 fratrem.
2691 2267 2813 2329 Ait

399 2359 576 2421 enim
613 2360 675 2420 in
711 2357 1001 2438 quodam
1038 2357 1184 2419 loco
1208 2356 1565 2439 apostolus,
1661 2356 1772 2420 Sic
1803 2367 2024 2419 autem
2061 2366 2411 2439 peccantes
2444 2357 2509 2417 in
2544 2353 2813 2417 fratres:

399 2456 466 2508 et
514 2447 954 2528 percutientes
999 2445 1472 2507 conscientiam
1520 2464 1748 2506 eorum
1798 2443 2128 2506 infirmam
2162 2445 2227 2505 in
2277 2441 2615 2506 Christum
2665 2462 2813 2523 pec-

399 2535 603 2595 catis:
653 2530 801 2594 ideo
832 2533 988 2612 quia
1022 2532 1319 2594 membra
1362 2531 1605 2595 Christi
1637 2551 1870 2593 omnes
1916 2530 2071 2593 facti
2118 2550 2362 2593 sumuS.
2454 2529 2815 2611 Quomodo

400 2641 532 2683 non
569 2641 803 2702 peccas
837 2621 900 2681 in
937 2618 1272 2682 Christum
1300 2621 1411 2700 qui
1444 2639 1679 2702 peccas
1712 2620 1776 2680 in
1803 2620 2177 2681 membrum
2211 2617 2502 2681 Christi?
2597 2617 2816 2679 Nemo

400 2727 560 2788 ergo
580 2708 759 2770 dicat
784 2708 940 2788 quia
965 2705 1123 2768 non5
1151 2708 1214 2768 in
1241 2704 1440 2769 deum
1468 2706 1583 2769 sed
1610 2707 1879 2788 peccaui
1908 2708 1974 2768 in
2001 2705 2286 2768 fratrem.
2369 2705 2445 2766 In
2473 2703 2812 2766 hominem

401 2796 707 2877 peccaui:
743 2793 889 2857 leue
922 2803 1266 2876 peccatum
1301 2804 1400 2856 est
1431 2795 1531 2855 ve!
1571 2792 1824 2855 nullum
1860 2802 2205 2876 peccatum
2239 2790 2383 2854 est.⁶

1482 2928 1726 2994 Gratia.

418 3039 770 3172 E'Xaudi
823 3063 945 3105 nos
1011 3043 1453 3141 omnipotens,
1496 3052 1562 3103 et
1613 3043 1981 3104 misericors
2035 3043 2200 3104 deus
2227 3065 2239 3103 :
2293 3050 2360 3103 et
2411 3040 2819 3103 continentie

589 3131 893 3193 salutaris
926 3131 1247 3212 propitius
1280 3130 1471 3191 nobis
1504 3129 1682 3191 dona
1714 3129 2006 3191 concede
2033 3152 2045 3191 :
2080 3148 2209 3211 per.

974 3272 1040 3341 (Ι
1070 3266 1270 3329 Feria
1300 3266 1436 3347 .iiij.
1470 3287 1548 3327 ex
1581 3266 1642 3330 G
1642 3263 1854 3329 enesi.⁷
1943 3265 2157 3328 Lectio
2189 3265 2249 3329 .i.

409 3379 686 3509 TVlit
719 3380 918 3461 igitur
950 3377 1345 3441 Abimelech
1377 3399 1537 3441 oues
1569 3389 1634 3441 et
1681 3378 1888 3441 boues
2037 3378 2288 3461 grande
2321 3377 2702 3439 conuiuium
2752 3376 2818 3438 in

586 3466 693 3529 die
726 3465 1193 3529 ablactationis
1226 3467 1383 3529 eius,

976 3601 1088 3665 Ex
1113 3602 1373 3684 epistola
1404 3603 1464 3666 .i.
1496 3600 1810 3664 loannisfl
1898 3602 2109 3665 Lectio
2141 3602 2226 3683 .is.

415 3716 534 3844 V
552 3716 739 3778 Idete
763 3714 1027 3796 qualem
1055 3715 1445 3778 charitatem
1472 3714 1659 3778 dedit
1686 3715 1875 3777 nobis
1899 3725 2103 3798 pater,
2126 3725 2196 3777 vt
2230 3712 2342 3796 filij
2374 3714 2501 3776 Dei
2527 3715 2826 3776 nomine-

593 3824 739 3865 mur
888 3822 1088 3883 quem
1122 3803 1307 3865 dedit
1342 3802 1548 3864 nobis,

931 3944 997 4013 (Ι
1042 3938 1262 4001 Tertia
1292 3937 1469 4001 lectio
1498 3938 1846 4002 secundum
1879 3938 1972 4000 M
1966 3935 2302 4001 attlzeum.⁹

494 4052 553 4114 N
604 4051 717 4114 illo
764 4061 1102 4134 tempore:
1151 4051 1593 4113 Accesserunt
1636 4049 1721 4112 ad
1763 4050 1983 4113 Iesum
2026 4049 2113 4111 ab
2151 4048 2578 4129 lerosolymis
2611 4048 2825 4111 scribe

533 4149 599 4201 et
632 4137 913 4221 pharisei
947 4140 1283 4201 dicentes:
1316 4158 1519 4218 quare
1550 4137 1854 4220 discipuli
1887 4138 1982 4200 tui
2018 4135 2591 4218 transgrediuntur
2623 4135 2824 4198 tradi-

408 4227 625 4289 tiones
649 4227 1034 4289 seniorum?
1130 4225 1218 4287 Et
1252 4225 1517 4305 reliqua.

508 4422 521 4452 ¹
560 4423 648 4472 Ca.
684 4422 742 4472 18
766 4425 824 4471 in
849 4440 913 4471 m.
1225 4420 1247 4451 2
1278 4423 1537 4497 debeatis:
1574 4422 1653 4485 63.
2161 4422 2183 4451 ³
2215 4423 2353 4471 Vos:
2392 4421 2469 4484 38.

506 4487 532 4584 ξ
564 4505 657 4538 om.
687 4488 764 4551 38.
891 4554 901 4564 ι
1217 4485 1251 4582 85
1285 4504 1522 4568 peccaui)
1557 4490 1669 4536 add.
1685 4500 1777 4563 ,ἓξ-9.
1807 4495 1900 4537 etc.
2156 4485 2178 4518 ⁶
2212 4488 2467 4564 Miserere.
2499 4497 2575 4550 50.
2603 4488 2715 4536 add.
2744 4486 2823 4550 63.

560 4555 660 4614 [xx.
697 4567 918 4615 14—xx1.
949 4553 1022 4614 8.]
1274 4556 1396 4618 Cap.
1428 4566 1457 4616 3
1482 4569 1539 4601 m
1564 4570 1628 4601 m.
1660 4554 1750 4613 [ιιι.
1786 4554 1952 4614 1-24]
2158 4551 2180 4583 ⁹
2215 4553 2303 4602 Ca.
2339 4563 2396 4616 15
2422 4569 2480 4600 m
2503 4569 2570 4601 m.
