3293 5225
491 413 557 477 96
939 411 1323 463 DOMINICA
1382 410 1742 462 SECUNDA
1805 409 2474 472 QUADRAGESIMAE.

976 656 1044 726 ([
1078 650 1445 714 Secundum
1476 645 1829 713 Ioannem}
1919 647 2134 712 Lectio
2163 647 2456 711 secunda.

506 779 783 909 ANte
813 779 992 843 diem
1026 779 1266 842 festum
1302 776 1548 861 pasche
1695 776 1935 860 accipit
1965 797 2118 840 eum
2153 777 2266 860 qui
2301 796 2406 840 me
2439 775 2633 840 misit.

1018 1090 1086 1160 ([
1127 1083 1348 1147 Tertia
1377 1080 1579 1146 lectio2
1607 1084 1955 1145 secundum
1986 1083 2076 1145 M
2072 1081 2404 1148 attheum.³

592 1214 652 1277 N
732 1212 845 1275 illo
905 1222 1205 1296 tempore
1241 1235 1255 1275 ε
1291 1211 1680 1294 Assumpsit
1745 1211 1929 1274 Iesus
1994 1211 2263 1275 Petrum
2325 1220 2392 1275 et
2467 1213 2782 1277 Iacobum
2851 1224 2923 1279 et

596 1301 917 1363 Ioannem
967 1300 1233 1363 fratrem
1280 1300 1441 1372 eiuS,
1488 1308 1555 1362 et
1601 1298 1801 1361 duxit
1851 1299 1997 1362 illos
2059 1301 2124 1361 in
2187 1309 2486 1363 montem
2549 1300 2916 1380 excelsum,

507 1408 823 1464 seorsum,
854 1396 920 1449 et
951 1386 1458 1469 transfiguratus
1489 1396 1590 1449 est
1621 1395 1779 1449 ante
1811 1406 1939 1449 eos.
2035 1386 2126 1450 Et
2158 1386 2424 1468 reliqua.

1059 1629 1125 1698 (Ι
1165 1624 1238 1685 H
1232 1623 1457 1686 omilia
1483 1623 1700 1686 sancti
1724 1622 1785 1684 A
1797 1622 2069 1704 mbrosij
2090 1623 2402 1705 Episcopi.

526 1756 780 1886 Dico
840 1766 1063 1818 autem
1127 1754 1333 1824 vobiS,
1394 1772 1546 1814 vere
1607 1761 1763 1814 sunt
1823 1751 2024 1833 aliqui
2086 1753 2193 1814 hic
2268 1764 2523 1817 stantes
2598 1756 2710 1836 qui
2786 1776 2920 1818 non

691 1842 1058 1925 gustabunt
1118 1850 1423 1914 mortem,
1470 1840 1684 1902 donec
1729 1840 2000 1902 videant
2061 1860 2337 1923 regnum
2400 1843 2524 1907 dei.
2645 1842 2930 1925 Semper

511 1929 821 1993 dominus
867 1929 1036 1991 sicut
1078 1927 1163 1989 ad
1235 1927 1487 2008 premia
1532 1927 1726 2007 erigit
1794 1926 2016 1989 futura
2061 1927 2378 1990 virtutum
2442 1941 2643 2011 atque
2692 1931 2919 1993 vtilem

511 2017 900 2080 secularium
935 2034 1149 2078 rerum
1185 2014 1384 2077 docet
1413 2033 1559 2076 esse
1588 2022 2068 2095 contemptum,
2099 2013 2191 2077 ita
2220 2015 2421 2078 etiam
2469 2017 2922 2081 infirmitatem

516 2105 756 2166 mentis
802 2104 1092 2165 humane
1139 2101 1541 2183 presentium
1590 2102 2120 2163 remuneratione
2167 2111 2514 2167 sustentat.
2611 2103 2920 2167 Arduum

515 2192 762 2273 quippe
793 2201 893 2254 est
923 2208 1183 2253 crucem
1231 2186 1461 2250 tollere
1505 2199 1573 2250 et
1619 2189 1912 2250 animam
1960 2187 2267 2269 periculis
2315 2209 2391 2253 ac
2439 2191 2636 2253 morti
2683 2212 2928 2274 corpus

513 2276 749 2341 offerre
780 2297 1024 2360 negare
1054 2275 1232 2357 quod
1280 2275 1389 2351 εἰς,
1418 2293 1569 2337 cum
1602 2274 1766 2337 velis
1811 2295 1955 2336 esse
2001 2275 2183 2357 quod
2230 2296 2362 2339 non
2410 2277 2517 2340 sis.
2609 2279 2929 2361 Raroque

515 2364 823 2447 quamuis
868 2362 1137 2426 excelsa
1181 2362 1388 2425 virtus
1436 2361 1669 2424 suturis
1737 2372 2106 2425 commutat
2171 2365 2520 2445 presentia.
2633 2365 2921 2429 Difficile

512 2453 758 2534 quippe
803 2450 1063 2515 videtur
1125 2448 1505 2512 hominibus
1550 2456 1620 2510 vt
1666 2468 1851 2530 spem
1903 2448 2206 2530 periculis
2250 2462 2499 2527 emant,
2542 2453 2929 2535 damnoque

511 2540 939 2622 presentium,
1000 2538 1216 2600 future
1277 2534 1497 2599 locum
1562 2545 1936 2597 mercentur
1994 2537 2208 2599 etatis,
2323 2539 2505 2621 Ergo
2574 2539 2788 2603 bonus
2851 2551 2920 2604 et

507 2627 775 2690 moralis
845 2627 1162 2708 magister
1230 2644 1311 2686 ne
1380 2624 1529 2706 quis
1596 2622 2062 2706 desperatione
2126 2626 2469 2706 frangatur
2530 2636 2646 2690 aut
2720 2628 2928 2706 tedio,

506 2714 824 2797 quoniam
856 2713 990 2776 vite
1019 2711 1232 2774 dulcis
1257 2709 1564 2773 illecebra
1583 2721 2004 2773 constantem
2028 2731 2293 2794 quoque
2315 2714 2562 2777 mulcet
2585 2713 2926 2794 affectum,

502 2802 856 2864 continuos
901 2798 1166 2864 viuendi
1214 2817 1555 2861 successus
1602 2796 1909 2861 fidelibus
1956 2797 2327 2881 pollicetur.
2418 2801 2694 2885 Frigent
2740 2805 2918 2866 enim

501 2889 742 2952 solatia
773 2890 897 2951 sub
931 2896 1112 2950 metu
1148 2885 1398 2959 mortiS,
1429 2884 1872 2967 magnusque⁴
1903 2906 2093 2948 amor
2122 2886 2254 2950 vite
2292 2891 2617 2970 presentis
2664 2890 2927 2973 integre

502 2975 861 3039 blanditias
906 2974 1067 3057 spei,
1110 2992 1260 3037 cum
1307 2969 1630 3054 appetite⁵
1677 2971 1907 3034 salutis
1955 2984 2200 3036 terrore
2246 2985 2655 3058 compensat.
2764 2978 2920 3040 Non

505 3063 711 3126 habes
743 3063 944 3145 igitur
974 3059 1156 3143 quod
1201 3079 1456 3141 queraS,
1491 3069 1559 3122 et
1604 3078 1737 3121 non
1785 3058 1994 3122 habes
2038 3061 2217 3141 quod
2264 3081 2562 3128 excuses,
2651 3063 2932 3128 Arbiter

510 3150 832 3225 omnium,
875 3148 1063 3211 dedit
1107 3158 1176 3211 et
1220 3147 1538 3210 virtutum
1588 3146 1935 3228 premium,
1981 3157 2048 3209 et
2099 3147 2501 3213 infirmitatis
2551 3153 2919 3216 remedium

509 3246 581 3301 vt
613 3236 1027 3319 presentibus
1057 3234 1460 3297 sustineatur
1492 3232 1861 3310 infirmitas,
1891 3234 2099 3297 virtus
2132 3233 2384 3300 futuris
2476 3236 2550 3301 Si
2599 3237 2783 3302 sortis
2829 3260 2918 3316 eS,

510 3333 863 3387 contemne
926 3331 1226 3396 mortem,
1286 3320 1339 3382 si
1400 3318 1749 3382 imbecillis
1810 3340 1880 3381 es
1941 3319 2111 3403 suge.
2234 3322 2370 3386 Sed
2431 3343 2630 3387 nemo
2701 3336 2928 3408 potest,

514 3411 741 3495 sugere
773 3419 1055 3473 mortem
1089 3408 1214 3470 nisi
1245 3405 1453 3470 vitam
1488 3416 1804 3488 sequatur
1827 3405 1991 3471 Vita
2022 3420 2137 3471 tua
2171 3408 2474 3474 Christus
2504 3421 2623 3489 est,
2647 3411 2790 3495 ipse
2819 3421 2925 3476 est

510 3499 649 3562 vita
681 3518 811 3580 que
844 3496 1010 3559 mori
1042 3491 1296 3558 nescit!⁵

1600 3672 1847 3772 Orsatio.

668 3808 808 3871 Eus
838 3805 951 3889 qui
981 3803 1308 3886 conspicis
1340 3802 1522 3866 omni
1555 3823 1679 3866 nos
1710 3803 1950 3867 virtute
1982 3803 2272 3882 destitui,
2303 3806 2571 3870 interius
2602 3808 2932 3872 exterius·

694 3890 849 3977 que⁷
921 3892 1197 3967 custodi,
1271 3900 1344 3953 vt
1417 3889 1505 3952 ab
1576 3890 1888 3953 omnibus
1961 3893 2475 3957 aduersitatibus
2550 3896 2937 3959 muniamur

518 3984 583 4046 in
630 4000 923 4063 corpore,
954 3988 1022 4042 et
1050 3999 1092 4041 a
1129 3977 1352 4061 prauis
1395 3977 1913 4059 cogitationibus
1959 3980 2358 4044 mundemur
2401 3981 2467 4044 in
2515 3991 2756 4060 mente,
2804 3984 2937 4047 Per

517 4069 864 4133 dominum
897 4075 1216 4130 nostrum.
1248 4074 1370 4129 etc.

619 4335 636 4367 1
672 4335 760 4386 Q
795 4347 853 4399 13
876 4334 935 4383 2⁰„
958 4349 1023 4383 m,
1050 4331 1175 4394 [xiii.
1209 4330 1380 4396 1-20.]
1819 4326 1842 4360 ¹
1877 4332 1965 4383 Ca.
2000 4344 2057 4398 13
2082 4333 2140 4382 in
2164 4349 2232 4384 m.
2259 4335 2324 4384 So
2344 4336 2448 4384 also
2469 4335 2547 4400 38.
2596 4354 2634 4388 c.
2661 4338 2811 4389 xviiz
2845 4350 2933 4401 39..

616 4400 638 4434 ⁸
670 4402 907 4451 Marcum
924 4413 944 4448 .·
963 4410 1045 4462 43.
1822 4394 1844 4428 ⁴
1875 4413 2181 4463 manusquez
2214 4412 2294 4463 43.

616 4466 637 4499 ι
667 4465 970 4533 appetione:
1007 4461 1087 4527 38,
1396 4458 1419 4491 ⁸
1452 4460 1705 4513 Miserere.
1736 4471 1814 4527 50.
1841 4464 1953 4514 add.
1981 4463 2060 4527 63.
2406 4463 2429 4498 ⁷
2461 4468 2771 4534 exterisque:
2808 4468 2895 4533 38.
