3293 5225
1148 462 1528 512 DOMINICA
1594 464 1700 512 DE
1753 464 2134 514 PASSIONE.
2769 475 2858 526 117

583 614 791 696 Vagit
824 613 1040 678 infans
1072 616 1243 678 inter
1272 626 1462 682 arcta
1499 615 1830 679 Conditus
1875 619 2218 700 presepia:
2271 619 2578 682 Membra
2625 620 2861 702 pannis

448 701 749 766 inuoluta
781 702 992 784 Virgo
1026 713 1236 766 mater
1266 702 1538 784 alligat:
1574 704 1666 766 Et
1699 724 1936 766 manus
1984 708 2322 787 pedesque
2368 726 2559 768 crura
2614 707 2862 770 Stricta

449 789 909 940 Cingglgssisadgt
937 876 1150 940 honor
1195 877 1340 952 de0,
1383 877 1755 959 Vsquequo
1800 877 2143 955 altissim0,
2189 899 2321 942 vna
2372 881 2544 962 patri
2597 880 2863 961 filioque

450 962 703 1111 Xclyto
764 963 1117 1045 paraclet0,
1182 963 1305 1027 Cui
1370 963 1537 1026 lausl
1599 976 1669 1027 et
1730 974 2029 1047 potestas
2081 967 2206 1028 Per
2253 968 2579 1029 immensa
2624 966 2863 1031 secula.

524 1069 976 1218 mjlriitzplzona.
1071 1137 1319 1220 Popule
1360 1157 1563 1214 meus,
1609 1138 1770 1220 quid
1819 1139 1942 1202 feci
1988 1140 2128 1215 tibi,
2174 1149 2290 1203 aut
2335 1140 2495 1221 quid
2545 1140 2864 1204 molestus

455 1221 544 1285 fui
580 1226 908 1306 responde
943 1225 1119 1287 mihi.

580 1316 647 1386 11
678 1310 1083 1386 Notandum,
1111 1312 1288 1394 quod
1307 1333 1523 1375 omnes
1552 1312 1912 1394 antiphone,
1949 1334 2143 1395 vsque
2177 1313 2274 1375 ad
2292 1314 2540 1395 pascha
2560 1316 2872 1377 dicuntur

455 1395 700 1478 integre
730 1398 800 1459 in
817 1399 1142 1480 principio
1170 1409 1233 1461 et
1263 1400 1331 1461 in
1346 1399 1490 1481 fine
1519 1400 1614 1462 ad
1637 1400 2053 1476 matutinum,
2083 1401 2308 1463 laudes
2334 1411 2397 1464 et
2427 1413 2734 1482 vesperas.

581 1489 647 1558 (I
678 1484 761 1546 H
757 1485 816 1546 ic
835 1486 1341 1567 interrumpitur
1370 1486 1572 1549 Liber
1605 1485 1870 1549 Genesis
1898 1508 2093 1569 vsque
2121 1489 2218 1550 ad
2223 1489 2480 1567 feriam
2513 1490 2596 1569 .ij.
2613 1489 2866 1571 pasche.

1088 1667 1155 1737 11
1186 1660 1299 1723 Ex
1318 1661 1480 1724 libro
1508 1660 1858 1744 sapientie.·‘³
1931 1662 2140 1726 Lectio
2171 1663 2227 1727 .i.

465 1772 885 1900 Dlxerunt
919 1773 1104 1855 impij
1140 1773 1320 1855 apud
1355 1794 1577 1836 senon
1602 1785 1779 1837 recte
1804 1776 2195 1856 cogitantes,
2252 1774 2866 1838 Circumveniarnus

562 1945 581 2008 l
646 1860 909 1936 iustum,
934 1862 1250 1941 quoniam
1285 1862 1535 1924 inutilis
1567 1871 1669 1924 est
1723 1861 1913 1924 nobis
2087 1864 2434 1925 excecauit
2483 1863 2662 1925 enirn
2719 1863 2866 1925 illos

449 1965 559 2007 ma
589 1947 702 2008 itia
733 1966 979 2011 eorum.

1001 2106 1067 2176 (I
1103 2100 1470 2164 Secundum
1503 2100 1922 2165 Mattltemn.3
1995 2102 2208 2165 Lectio
2240 2103 2323 2185 .iJ.

590 2213 648 2274 T
682 2213 931 2274 facturn
965 2223 1066 2275 est
1095 2237 1108 2275 t
1142 2234 1292 2276 cum
1326 2223 1861 2276 consummasset
1900 2214 2084 2276 lesus
2109 2235 2454 2277 sermones
2488 2215 2609 2278 hos
2630 2237 2866 2279 omnes

751 2298 1072 2362 Similiter
1102 2309 1169 2362 et
1200 2321 1434 2363 ornnes
1466 2299 1774 2382 discipuli
1806 2302 2138 2364 dixerunt.

995 2483 1062 2553 (l
1107 2477 1326 2541 Tertia
1355 2479 1532 2541 lectio
1571 2480 1918 2541 secundum
1965 2479 2318 2543 Ioannem.4

460 2588 592 2715 IN
629 2588 740 2652 illo
773 2598 1114 2673 tempore:
1152 2590 1436 2654 Dicebat
1477 2590 1661 2653 Iesus
1695 2591 1905 2656 turbis
1937 2591 2286 2655 iudeorum
2338 2601 2406 2656 et
2458 2593 2865 2693 principibus

569 2678 991 2740 sacerdotum
1025 2702 1037 2740 :
1071 2677 1239 2759 Quis
1270 2699 1357 2741 ex
1392 2679 1576 2741 vobis
1609 2690 1842 2761 arguet
1877 2700 1981 2741 me
2007 2681 2092 2742 de
2116 2686 2441 2762 peccato?
2475 2681 2565 2742 Et
2598 2682 2864 2762 reliqua.

1055 2862 1122 2932 11
1155 2854 1235 2917 H
1229 2853 1502 2935 omelia†
1523 2856 1740 2919 sancti
1763 2856 2253 2939 Gregorszape.

461 2965 823 3095 PEnsate
844 2967 1075 3030 fratres
1096 2968 1463 3031 charissimi
1492 2970 2073 3030 mansuetudinem
2098 2968 2204 3029 dei
2232 2967 2563 3029 :relaxare
2590 2979 2863 3050 peccata

611 3064 901 3131 venerat,
934 3064 1002 3118 et
1032 3054 1333 3117 dicebat:
1383 3054 1551 3137 Quis
1599 3077 1688 3117 ex
1733 3055 1923 3118 vobis
1969 3064 2203 3134 arguet
2251 3074 2356 3116 me
2402 3054 2487 3116 de
2534 3062 2862 3137 peccato?

451 3139 606 3203 Non
640 3140 1040 3222 dedignatur
1069 3161 1156 3204 ex
1192 3143 1447 3204 ratione
1477 3143 1829 3204 ostendere
1861 3162 1932 3203 se
1965 3152 2379 3222 peccatorem
2407 3161 2539 3203 non
2567 3163 2725 3217 esse,
2747 3144 2860 3223 qui

444 3247 531 3289 ex
566 3229 807 3291 virtute
837 3227 1206 3291 diuinitatis
1239 3239 1498 3311 poterat
1530 3238 1911 3310 peccatores
1944 3227 2313 3291 iustificare.
2406 3227 2540 3292 Sed
2572 3230 2862 3292 terribile

444 3324 546 3376 est
576 3314 771 3378 valde
802 3316 983 3396 quod
1017 3316 1335 3379 subditur.
1428 3315 1562 3398 Qui
1594 3336 1682 3378 ex
1720 3316 1869 3378 Deo
1901 3325 2018 3391 cst,
2050 3315 2250 3378 verba
2285 3313 2412 3377 Dei
2444 3316 2633 3378 audit
2664 3336 2858 3399 prop-

446 3411 627 3463 terea
661 3422 780 3464 vos
814 3423 946 3464 non
980 3403 1240 3479 auditiS,
1289 3403 1443 3484 quia
1505 3423 1592 3466 ex
1648 3404 1799 3465 Deo
1849 3422 1980 3465 non
2034 3403 2210 3464 estis,
2304 3401 2377 3466 Si
2426 3403 2602 3464 enim
2656 3405 2859 3467 verba

449 3486 577 3550 Dei
611 3490 797 3551 audit
828 3490 938 3570 qui
971 3509 1059 3552 ex
1091 3490 1240 3552 Deo
1270 3500 1371 3553 est
1402 3500 1469 3553 et
1499 3491 1728 3553 audire
1757 3490 1958 3553 verba
1987 3491 2129 3552 eius
2153 3509 2285 3551 non
2309 3499 2530 3571 potest
2561 3491 2858 3570 quisquis

439 3593 527 3636 ex
562 3574 675 3637 illo
723 3596 854 3638 non
902 3587 1019 3653 est,
1050 3578 1411 3658 interroget
1456 3598 1526 3639 se
1572 3582 2020 3658 vnusquisquc
2065 3577 2119 3638 si
2167 3577 2366 3637 verba
2415 3576 2542 3638 Dei
2589 3578 2653 3638 in
2701 3597 2859 3640 aure

443 3660 660 3724 cordis
685 3664 962 3745 percipit
991 3674 1091 3726 :et
1111 3663 1432 3745 intelliget
1457 3664 1631 3726 vnde
1665 3666 1748 3726 sit
1781 3662 2110 3727 Celestem
2144 3663 2428 3746 patriam
2483 3664 2857 3727 desiderare

444 3750 689 3811 veritas
722 3749 922 3825 iubet,
952 3752 1166 3813 carnis
1199 3750 1524 3814 desideria
1556 3752 1826 3827 conteri,
1858 3771 1898 3813 a
1959 3751 2188 3813 mundi
2242 3750 2453 3832 gloria
2505 3748 2858 3828 declinare,

441 3834 658 3898 aliena
691 3856 821 3898 non
864 3846 1196 3918 appetere,
1252 3839 1517 3920 propria
1571 3838 1807 3921 largiri.
1902 3838 2144 3900 Penset
2192 3856 2352 3919 ergo
2404 3838 2855 3919 vnusquisque

445 3932 738 3985 vestrum
781 3922 959 4006 apud
994 3944 1084 4000 se,
1116 3925 1169 3986 si
1202 3924 1323 3987 hec
1355 3946 1487 3987 vox
1527 3924 1655 3987 Dei
1688 3927 1753 3987 in
1787 3925 2004 3986 cordis
2033 3924 2174 3986 eius
2205 3943 2363 3985 aure
2407 3924 2762 4001 conualuit,
2786 3935 2852 3987 et

444 4010 601 4088 quia
633 4011 764 4072 iarn
799 4031 887 4073 ex
921 4010 1050 4074 deo
1070 3973 1173 4074 ’fit5
1206 4013 1562 4094 cognoscit.
1650 4013 1825 4074 Nam
1874 4020 2028 4073 sunt
2061 4009 2361 4073 nonnulli
2392 4010 2505 4091 qui
2542 4022 2854 4112 precepta

442 4094 589 4171 Dei,
623 4116 742 4172 nec
773 4118 931 4160 aure
962 4099 1178 4160 cordis
1210 4100 1543 4181 percipere
1580 4098 1955 4181 dignantur.
2049 4098 2139 4160 Et
2188 4108 2343 4159 sunt
2394 4097 2690 4160 nonnulli
2738 4099 2852 4179 qui

440 4180 560 4245 hec
607 4185 877 4264 quidem
926 4187 1142 4248 cordis
1189 4206 1346 4248 aure
1378 4187 1747 4267 percipiunt
1778 4187 1894 4247 sed
1929 4184 2109 4247 nullo
2142 4204 2220 4246 ea
2254 4186 2494 4247 mentis
2526 4185 2853 4248 desiderio

437 4270 985 4352 complectuntur.
1078 4273 1172 4336 Et
1201 4283 1356 4336 sunt
1389 4273 1688 4335 nonnulli
1731 4273 1841 4354 qui
1893 4272 2176 4334 libenter
2227 4272 2428 4334 verba
2474 4271 2601 4335 Dei
2648 4273 2851 4336 susci-

538 4453 555 4484 ¹
588 4466 696 4506 est:
732 4459 845 4507 achi,
875 4470 954 4522 39.
984 4468 1078 4509 etc.
1707 4456 1731 4488 ²
1763 4459 1853 4509 Ca.
1884 4471 1912 4507 2
1938 4459 1994 4506 in
2019 4474 2084 4506 m.
2115 4457 2188 4518 [ii.
2225 4459 2426 4519 12-21.]
2500 4523 2510 4533 ⁸

533 4519 554 4549 ³
587 4521 676 4571 Ca.
709 4522 771 4572 26
795 4524 853 4572 in
876 4540 942 4573 m.
971 4525 1125 4585 [xxvi.
1160 4525 1327 4588 1-35.]
1711 4522 1732 4553 ⁴
1766 4524 1854 4573 Ca.
1883 4522 1914 4571 8
1938 4525 1995 4571 in
2020 4540 2085 4572 m.
2418 4521 2439 4552 ⁶
2471 4532 2566 4574 sit:
2604 4536 2683 4587 39.
2713 4533 2794 4575 etc
