3293 5225
860 503 1100 552 SABBA
1116 504 1205 552 TO
1239 504 1680 553 DOMJNJCAE
1714 504 2263 553 PENTECOSTES.
2685 502 2775 564 169

919 712 985 782 (I
1016 706 1129 769 Ex
1153 707 1315 770 actt‘s
1343 705 1806 788 apostolorum}
1897 706 2110 769 Lectio
2141 707 2225 788 ,ist

374 827 915 958 LOquentibus
949 836 1174 889 autern
1210 827 1336 889 illis
1369 827 1452 889 ad
1490 827 1811 909 populum
1943 827 2208 908 signum
2245 825 2420 890 istud
2454 826 2772 888 sanitatis

968 1057 1032 1126 (Ι
1080 1052 1299 1113 Tertia
1330 1051 1510 1114 lectio
1538 1050 1884 1113 secundum
1917 1050 2208 1114 Lucam.²

377 1179 505 1305 IN
536 1177 648 1240 illo
673 1188 1010 1260 tempore:
1047 1176 1326 1239 Factum
1353 1186 1452 1237 est
1480 1177 1542 1237 in
1569 1196 1700 1237 vna
1726 1176 2000 1251 dierum,
2023 1185 2089 1237 et
2123 1175 2265 1256 ipse
2295 1176 2319 1237 1
2329 1196 2477 1238 esus
2502 1174 2778 1237 sedebat

464 1266 713 1328 docens
737 1288 749 1327 ε
773 1275 839 1328 et
857 1274 1045 1326 erant
1069 1263 1358 1326 Pharisei
1381 1265 1707 1338 sedenteS,
1727 1274 1793 1325 et
1816 1263 1981 1344 legis
2002 1263 2305 1325 doctores
2326 1262 2437 1343 qui
2460 1270 2777 1324 venerant

364 1375 448 1415 ex
483 1354 666 1414 omni
699 1351 971 1414 castello
1004 1350 1257 1414 Galilee
1289 1361 1355 1412 et
1409 1349 1611 1412 Iudee
1641 1360 1709 1412 et
1748 1349 2103 1412 Ierusalem
2131 1372 2143 1411 ε
2190 1359 2257 1412 et
2288 1351 2494 1412 virtus
2526 1348 2778 1411 domini

359 1450 502 1502 erat
534 1440 619 1501 ad
653 1440 1023 1501 sanandum
1059 1458 1189 1499 eos,
1281 1437 1371 1500 Et
1405 1437 1673 1518 reliqua.

881 1598 947 1668 (I
979 1588 1317 1664 Homelia†
1344 1593 1557 1654 sancti
1583 1591 1643 1652 A
1655 1590 1929 1671 mbrostj⁸
1948 1589 2260 1671 Episcopi.

379 1717 509 1846 N
530 1716 638 1781 On
673 1717 895 1778 ociosa
919 1716 1110 1778 huius
1135 1711 1509 1798 paralytici³
1533 1735 1653 1778 nec
1677 1725 1962 1795 angusta
1988 1715 2315 1777 medicina
2338 1724 2438 1778 est
2463 1739 2477 1777 :
2511 1714 2783 1796 quando

573 1804 884 1867 dominus
908 1814 973 1865 et
1006 1822 1227 1864 orasse
1253 1803 1656 1884 premittitur
1688 1822 1821 1863 non
1846 1802 2074 1882 vtique
2101 1812 2370 1883 propter
2393 1801 2779 1883 suffragium

364 1892 479 1955 sed
514 1902 784 1974 propter
814 1889 1218 1971 exemplum.
1315 1889 1630 1951 Imitandi
1663 1889 1840 1951 enim
1874 1888 2158 1970 speciem
2192 1887 2378 1952 dedit
2408 1909 2539 1950 non
2577 1890 2784 1970 impe-

365 1979 583 2041 trandi
616 1978 940 2041 ambitum
990 1977 1346 2058 requisiuit.
1439 1976 1530 2038 Et
1574 1976 2122 2038 conuenientibus
2160 1997 2248 2038 ex
2294 1977 2476 2039 omni
2524 1974 2783 2038 Galilea

367 2076 434 2128 et
473 2065 716 2128 Iudea:
749 2075 815 2127 et
854 2063 1210 2126 ierusalem
1238 2063 1401 2145 legis
1433 2063 1853 2125 doctoribus:
1894 2062 2062 2125 inter
2094 2073 2458 2126 ceterorum
2493 2063 2782 2125 remedia

370 2152 684 2215 debilium
709 2151 1054 2234 paralytici
1078 2171 1343 2232 quoque
1365 2150 1694 2212 medicina
1715 2150 2117 2212 describitur.
2170 2151 2461 2212 Primum
2482 2150 2781 2211 omniurn

372 2239 552 2321 quod
605 2250 760 2301 ante
792 2239 1080 2301 diximus
1112 2238 1562 2319 vnusquisque
1613 2239 1792 2319 eger⁴
1828 2237 2112 2318 petende
2145 2236 2375 2300 salutis
2409 2246 2784 2317 precatores

372 2326 569 2389 debet
624 2325 953 2401 adhibere,
988 2346 1102 2406 per
1133 2344 1300 2406 quos
1331 2325 1464 2386 vite
1512 2335 1734 2386 nostre
1775 2344 2104 2406 compago
2147 2324 2435 2387 resoluta
2481 2334 2781 2386 actuum-

372 2433 501 2494 que
533 2425 908 2475 nostrorum
943 2411 1167 2474 clausa
1199 2412 1479 2492 vestigia
1511 2412 1692 2474 verbi
1727 2410 1986 2474 celestis
2019 2412 2314 2473 remedio
2348 2410 2786 2474 reformentur

375 2499 547 2564 Sunt
582 2501 779 2582 igitur
825 2499 1025 2580 aliqui
1061 2499 1423 2562 monitores
1457 2499 1716 2569 mentiS,
1752 2499 1865 2579 qui
1898 2499 2194 2560 animum
2229 2498 2517 2560 hominis
2551 2518 2787 2579 quam-

376 2589 475 2651 uis
506 2587 879 2650 exterioris⁵
911 2587 1204 2670 corporis
1236 2586 1580 2649 debilitate
1612 2595 1986 2668 torpentem
2022 2587 2104 2649 ad
2142 2586 2476 2669 superiora
2508 2586 2783 2668 erigant.

376 2674 675 2757 Quorum
706 2695 924 2737 rursus
956 2675 1392 2749 adminiculiS,
1416 2684 1483 2736 et
1515 2673 1821 2737 attollere
1852 2684 1919 2736 et
1950 2673 2298 2735 humiliare
2331 2694 2399 2735 se
2427 2674 2636 2754 possit
2662 2697 2675 2735 :
2713 2682 2786 2735 vt

378 2762 630 2824 facilius
692 2771 850 2824 ante
915 2763 1134 2824 Iesum
1200 2762 1453 2824 locetur
1524 2761 1863 2823 dominico
1923 2760 2127 2822 videri
2192 2761 2432 2842 dignus
2494 2770 2783 2841 aspectu.

381 2849 849 2911 Humilitatem
884 2849 1059 2911 enim
1108 2849 1374 2931 respicit
1407 2850 1759 2911 dominus:
1807 2848 1962 2927 quia
1996 2848 2291 2929 respexit
2338 2846 2782 2910 humilitatem

374 2937 611 2999 ancille
673 2956 803 2998 sue.
899 2933 1202 3016 Quorum
1268 2935 1466 2998 fidem
1544 2935 1819 3017 (inquit)
1895 2944 1968 2997 vt
2029 2935 2211 3008 vidit,
2262 2934 2472 2996 dixit:
2554 2934 2783 2996 Homo

378 3025 802 3086 remittuntur
864 3022 982 3084 tibi
1046 3034 1320 3103 peccata
1382 3032 1513 3084 tua.
1610 3022 1901 3103 Magnus
1957 3022 2269 3083 dominus
2330 3022 2441 3102 qui
2504 3020 2783 3083 aliorum

376 3112 608 3173 merito
657 3111 939 3192 ignoscit
986 3109 1172 3190 alijs:
1220 3122 1286 3171 et
1333 3110 1491 3172 dum
1541 3108 1706 3171 alios
1757 3110 2009 3191 probat,
2056 3108 2201 3189 alijs
2251 3109 2509 3171 relaxat
2555 3118 2785 3171 errata.

377 3197 511 3261 Cur
541 3197 718 3278 apud
768 3207 834 3259 te
864 3218 905 3259 o
942 3196 1145 3259 homo
1178 3196 1433 3277 collega
1483 3217 1615 3258 non
1649 3196 1868 3258 valeat
1916 3216 2065 3257 cum
2113 3194 2291 3277 apud
2325 3196 2523 3258 deum
2559 3214 2786 3257 seruus

375 3294 442 3346 et
489 3285 966 3347 interueniendi
1001 3284 1307 3345 meritum
1340 3293 1407 3346 et
1454 3285 1552 3347 ius
1593 3283 1836 3346 habeat
1883 3283 2332 3364 impetrandi?
2424 3284 2625 3345 Disce
2672 3283 2784 3363 qui

376 3372 625 3434 iudicas
660 3372 999 3454 ignoscere
1026 3393 1038 3433 :
1072 3371 1252 3433 disce
1284 3372 1396 3453 qui
1429 3390 1585 3452 eger
1616 3389 1697 3431 eo
1731 3372 2126 3453 impetrare.⁰

1449 3532 1696 3596 Oratio,

389 3658 588 3786 DA
623 3676 983 3737 quesumus
1031 3656 1308 3719 ecclesie
1355 3664 1470 3719 tue
1520 3656 1890 3719 misericors
1941 3656 2138 3719 deus:
2185 3666 2256 3719 vt
2289 3666 2520 3718 sancto
2553 3656 2785 3737 spiritu

567 3754 990 3826 congregata,
1052 3744 1273 3807 hostili
1338 3743 1716 3806 nullatenus
1794 3744 2165 3806 incursione
2231 3745 2549 3806 turbetur.
2648 3743 2786 3805 Per.

382 3831 455 3894 In
490 3832 744 3893 vnitate
778 3832 1072 3893 eiusdem
1108 3831 1390 3913 spiritus,
1427 3841 1546 3894 ete.

708 3997 774 4067 (I
824 3990 1107 4054 Sabbata
1138 3992 1213 4054 de
1242 4001 1469 4055 octava
1499 4013 1579 4055 ex
1612 3989 1887 4056 Genesz·.⁷
1978 3991 2190 4054 Lectio
2206 3992 2452 4072 prima.

391 4115 744 4244 Dlmisit
775 4136 935 4198 ergo
967 4115 1197 4178 fratres
1228 4136 1381 4178 suos
1420 4139 1432 4179 ε
1466 4126 1530 4178 et
1564 4115 2131 4198 proficiscentibus
2162 4117 2252 4179 ait
2402 4136 2551 4178 cum
2603 4115 2785 4176 omni

568 4204 820 4266 semine
852 4223 990 4277 suo,
1051 4201 1207 4264 filiess
1266 4204 1405 4265 eius
1462 4214 1527 4266 et
1590 4201 1913 4285 nepoteS,⁹
1973 4203 2103 4265 filie
2164 4212 2227 4266 et
2290 4211 2529 4266 cuncta
2591 4201 2786 4263 simul

379 4310 743 4372 progenies,

477 4436 491 4467 ¹
528 4437 651 4501 Cap.
681 4452 728 4496 4.
759 4438 815 4485 in
841 4454 905 4487 m.
935 4438 1020 4498 [iv.
1053 4439 1218 4499 1-22.]
1414 4436 1435 4467 2
1468 4438 1594 4501 Cap.
1628 4448 1654 4500 5
1681 4440 1737 4485 in
1763 4455 1827 4485 m.
2208 4436 2229 4466 ³
2263 4438 2536 4502 paraclyti:
2576 4435 2654 4499 38.

475 4502 497 4532 ⁴
529 4519 645 4565 ager
670 4522 681 4550 ε
717 4515 796 4565 43.
1421 4501 1440 4531 ⁵
1475 4503 1703 4552 exteriori
1728 4522 1739 4552 ε
1777 4515 1854 4566 39.
1885 4515 1963 4563 41.
2199 4500 2220 4532 ⁶
2255 4502 2327 4551 Te
2351 4503 2494 4552 deum
2522 4520 2532 4551 :
2571 4503 2682 4550 add.
2706 4501 2786 4564 63.

474 4567 493 4597 ⁷
528 4568 646 4627 [xlv.
680 4567 925 4630 23--xlvi.
958 4569 1030 4628 7.]
1422 4565 1443 4597 ⁸
1477 4568 1600 4631 filij:
1638 4581 1716 4630 39.
1746 4580 1823 4617 etc
2204 4566 2224 4595 ⁹
2258 4578 2338 4616 et:
2375 4570 2486 4616 add.
2515 4567 2594 4616 61.
2624 4566 2702 4626 64.
