3293 5225
532 530 629 580 262
924 532 978 580 S.
1018 532 1370 582 BLASIUS:
1413 533 1506 581 SS.
1550 531 1880 580 PHILEAS
1910 533 2022 581 ET
2047 532 2549 584 PHILOROMU5.
2705 531 2855 593 [FER.
2896 545 2947 590 4.

1485 741 1552 811 (Ι
1582 734 1709 797 Ad
1730 734 1968 799 laudes.

661 834 1059 915 Antzjolzona.
1153 833 1324 900 Cum
1383 834 1771 897 inducerent
1826 855 2101 917 puerum
2163 835 2382 897 Iesum
2441 845 2747 917 parentes
2807 835 2953 896 eius

531 922 788 1004 accepit
838 941 989 985 eum
1041 922 1315 987 Simeon
1368 922 1432 983 in
1480 923 1670 984 vlnas
1721 943 1892 997 suaS,
1939 933 2005 986 et
2056 922 2402 985 benedixit
2452 922 2651 985 deum
2700 923 2949 997 dicenS,

533 1007 728 1072 Nunc
760 1008 1044 1072 dimittis
1075 1028 1340 1072 seruum
1375 1020 1564 1071 tuum
1600 1011 1665 1071 in
1702 1029 1880 1091 pace.

1452 1151 1519 1221 (Ι
1550 1145 1610 1207 Α
1622 1146 1676 1208 d
1697 1156 2003 1228 vesperas.

656 1245 980 1326 Hymnus,
1069 1244 1222 1309 Ave
1262 1245 1460 1307 maris
1492 1243 1726 1308 stella.l

655 1332 1051 1414 Antiphona.
1148 1333 1372 1396 Hodie
1405 1333 1602 1394 beata
1634 1334 1821 1415 virgo
1857 1332 2070 1395 Maria
2104 1352 2380 1415 puerum
2421 1333 2639 1395 Iesum
2676 1353 2941 1416 presen-

524 1420 696 1483 tauit
726 1419 790 1480 in
826 1419 1098 1502 temp10,
1129 1432 1196 1483 et
1236 1419 1508 1483 Simeon
1545 1420 1835 1502 repletus
1868 1421 2100 1502 spiritu
2135 1430 2366 1484 sancto
2397 1421 2652 1503 accepit
2686 1441 2835 1482 eum
2873 1421 2938 1481 in

523 1505 714 1569 vlnas
745 1528 915 1584 suaS,
947 1517 1014 1570 et
1047 1506 1393 1570 benedixit
1438 1505 1618 1569 eum2
1650 1507 1715 1569 in
1748 1518 2069 1570 eternum.

926 1650 992 1720 (Ι
1023 1644 1293 1708 Blasius
1319 1645 1638 1726 episcopus
1668 1644 1962 1726 ηιαννίγν.3
2050 1644 2262 1708 Lectio
2294 1645 2502 1710 tertia.

536 1745 890 1875 BLasius
921 1766 1071 1808 cum
1109 1745 1412 1809 Sebastie
1444 1764 1574 1825 que
1605 1745 1864 1808 ciuitas⁴
1895 1755 1997 1807 est
2029 1745 2476 1827 cappadocie,
2499 1745 2940 1807 sanctimonia

682 1831 977 1915 polleret,
1005 1832 1254 1895 electus
1287 1842 1385 1894 est
1417 1852 1456 1894 a
1490 1831 1885 1895 Christianis
1915 1834 2211 1894 eiusdem
2246 1834 2537 1895 ciuitatis
2567 1834 2941 1914 episcopus,

524 1919 948 1982 Diocletiano
996 1920 1409 2001 imperatore.
1501 1918 1635 1983 Sed
1674 1920 2128 2002 persecutione
2176 1921 2241 1981 in
2289 1918 2703 1983 Christianos
2752 1921 2937 1981 inua-

524 2005 811 2069 lescente
837 2009 901 2068 in
928 2006 1312 2088 speluncam
1347 2007 1551 2087 Argei
1577 2007 1775 2069 vicini
1811 2008 2057 2069 montis
2079 2006 2397 2089 confugit,
2422 2006 2645 2087 ibique
2676 2007 2934 2069 tamdiu

520 2092 733 2170 latuit,
764 2094 977 2156 donec
1009 2093 1095 2155 ab
1128 2092 1466 2176 Agricolai
1517 2094 1795 2175 presidis
1842 2092 2161 2156 militibus
2196 2095 2260 2155 in
2308 2114 2389 2156 eo
2429 2103 2657 2156 monte
2687 2113 2937 2156 venan-

521 2178 699 2243 tibus
746 2190 848 2243 est
901 2189 1213 2263 repertus,
1307 2179 1512 2243 Cuius
1564 2181 1841 2263 presidis
1897 2182 2074 2242 iussu
2129 2191 2381 2262 captuS,
2430 2190 2497 2243 et
2552 2182 2616 2242 in
2667 2180 2937 2243 vincula

520 2269 860 2331 coniectus
890 2277 1008 2343 est,
1043 2277 1244 2349 atque
1278 2267 1433 2329 inde
1465 2269 1713 2329 multos
1744 2277 2126 2351 egrotantes
2156 2269 2269 2348 qui
2303 2269 2388 2329 ad
2437 2269 2653 2349 ipsum
2702 2266 2934 2329 affere-

519 2355 779 2431 bantur,
831 2357 1110 2418 sanauit.
1205 2355 1296 2417 Et
1357 2356 1421 2416 in
1485 2355 1587 2416 his
1642 2375 1917 2437 puerum
1981 2355 2112 2416 iam
2176 2353 2684 2424 conclamatum,
2741 2357 2934 2436 spina

519 2442 993 2524 strangulante,
1019 2462 1149 2522 que
1181 2451 1556 2504 transuersa
1589 2443 1654 2503 in
1681 2450 1948 2524 gutture
1974 2441 2179 2524 ipsius
2205 2441 2551 2505 inheserat.
2646 2442 2934 2504 Produc-

516 2537 624 2592 tus
655 2540 877 2592 autem
930 2529 1187 2591 Blasius
1220 2530 1303 2590 ad
1355 2528 1682 2611 presidem
1732 2527 1935 2590 semel
1969 2539 2036 2591 et
2084 2531 2341 2602 iterum,
2374 2550 2524 2591 cum
2559 2529 2688 2609 dijs
2734 2530 2931 2590 sacri-

517 2616 713 2681 ficare
744 2618 1083 2693 renuisset,
1116 2619 1400 2698 primum
1433 2618 1635 2699 virgis
1667 2637 1855 2679 cesus
1887 2627 2004 2692 est,
2028 2616 2272 2679 deinde
2304 2618 2527 2679 ferreis
2559 2619 2937 2698 pectinibus

515 2706 580 2766 in
630 2705 860 2767 eculeo
913 2705 1218 2779 laniatuS,
1264 2714 1600 2786 postremo
1662 2706 1880 2787 capite
1928 2704 2167 2786 plexus
2214 2706 2533 2783 martyrio
2578 2714 2934 2767 coronatur

515 2792 711 2855 tertio
744 2811 954 2854 nonas
989 2792 1042 2854 F
1047 2791 1344 2872 ebruarij.

667 2936 734 3006 (Ι
765 2929 1038 2993 Phileas
1065 2930 1398 3010 episcopus,
1430 2939 1491 2991 et
1520 2928 1939 2993 Plzt‘loromus
1969 2930 2329 3009 martyres.⁵
2416 2929 2629 2991 Lectio
2661 2928 2754 3009 izj.

641 3029 874 3092 Hileas
949 3028 1153 3092 nobili
1233 3029 1380 3091 loco
1443 3039 1674 3092 natus:
1751 3028 2058 3091 Thumis⁶
2117 3026 2278 3090 vrbe
2356 3029 2608 3112 Egypti
2670 3030 2935 3109 egregie

665 3116 1048 3179 liberalibus
1093 3116 1458 3199 disciplinis
1503 3117 1838 3180 cruditus:
1892 3126 1959 3179 et
2007 3118 2269 3199 magnis
2313 3116 2674 3178 honoribus
2721 3118 2784 3177 in
2838 3136 2935 3177 re-

515 3202 778 3285 publica
824 3224 1100 3266 romana
1146 3203 1427 3280 sunctuS,
1456 3225 1608 3266 cum
1657 3225 1726 3266 se
1774 3213 1989 3266 totum
2038 3203 2123 3265 ad
2157 3223 2380 3265 veram
2430 3202 2673 3266 Christi
2722 3202 2937 3284 philo-

514 3290 817 3373 sophiam
882 3291 1308 3367 traduxisset,
1369 3301 1638 3373 propter
1706 3292 1918 3353 multa
1977 3290 2399 3365 documenta,
2459 3301 2526 3352 et
2587 3291 2931 3371 ingentem

513 3378 887 3440 sanctitatis
919 3378 1057 3440 eius
1089 3378 1472 3459 opinionem
1499 3402 1512 3440 :
1549 3398 1797 3459 magno
1821 3397 2086 3440 suorum
2120 3377 2364 3439 ciuium
2399 3396 2725 3439 consensu
2756 3377 2933 3457 epis-

513 3485 723 3545 copus
782 3464 1077 3528 efficitur.
1199 3464 1354 3547 Quo
1416 3485 1688 3527 munere
1750 3486 1867 3547 per
1925 3485 2139 3526 annos
2199 3464 2454 3544 aliquot
2513 3464 2930 3525 sanctissime

514 3550 797 3627 functuS,
829 3554 1098 3614 demum
1133 3552 1257 3614 sub
1290 3552 1713 3614 Diocletiano
1761 3552 2159 3633 imperatore
2191 3551 2255 3612 in
2291 3550 2553 3613 vincula
2585 3551 2924 3612 coniectus

513 3648 652 3701 est:
715 3638 848 3700 Vbi
905 3639 1242 3721 egregium
1300 3638 1536 3701 librum
1594 3641 1679 3701 de
1732 3638 2039 3701 laudibus
2095 3648 2460 3718 martyrum
2516 3638 2928 3718 conscripsit.

518 3724 651 3806 Qui
709 3724 1020 3788 flentibus
1074 3725 1463 3807 propinquis
1517 3746 1595 3788 ac
1652 3725 2109 3787 miserabiliter
2161 3725 2671 3807 deprecantibus
2722 3744 2805 3785 ne
2854 3744 2925 3785 se

514 3811 886 3892 liberosque
918 3833 1089 3887 su05,
1119 3823 1187 3875 et
1233 3812 1550 3874 familiam
1587 3812 1919 3894 perditum
1968 3813 2106 3888 iret,
2140 3811 2354 3874 nullos
2401 3832 2471 3873 se
2519 3812 2933 3893 propinquos

512 3899 756 3961 habere
788 3899 1128 3981 respondit
1161 3899 1284 3961 nisi
1317 3900 1658 3982 apostolos
1692 3912 1758 3963 et
1792 3910 2113 3979 martyres
2148 3899 2293 3962 Dei.
2389 3899 2492 3961 Ita
2525 3918 2675 3961 cum
2712 3917 2928 3978 neque

512 3986 768 4062 horum,
800 4006 1014 4067 neque
1049 3987 1323 4068 presidis
1370 3986 1639 4049 monitis
1686 4008 1725 4048 a
1773 3987 1882 4068 pio
1914 3987 2219 4049 instituto
2267 3986 2557 4048 reuocari
2605 3986 2935 4067 potuisset

512 4073 782 4155 capitali
808 4074 1140 4136 sententia
1165 4073 1523 4137 damnatur
1541 4094 1692 4136 cum
1718 4073 2100 4136 Philoromo
2122 4074 2521 4136 centurione.
2613 4072 2746 4154 Qui
2770 4092 2925 4133 con-

513 4161 782 4224 antibus
828 4173 893 4223 et
928 4160 1160 4237 iudice,
1193 4171 1260 4224 et
1293 4162 1681 4243 propinquis
1712 4182 1751 4222 a
1782 4181 1936 4223 vera
1971 4162 2219 4243 pietate
2256 4160 2549 4222 Phileam
2585 4179 2925 4222 summou—

513 4267 621 4309 ere
694 4248 1209 4310 exclamauerat.
1332 4247 1513 4329 Quid
1592 4248 1832 4310 frustra
1894 4248 2338 4310 constantiam
2405 4247 2741 4308 fortissimi
2806 4246 2928 4308 viri

512 4336 831 4397 tentatis?
922 4333 1057 4398 Cur
1107 4355 1257 4397 eum
1314 4336 1549 4416 cogitis
1604 4355 1846 4417 negare
1906 4334 2125 4409 deum,
2178 4347 2247 4398 vt
2300 4334 2682 4396 hominibus
2734 4333 2926 4395 obse·

608 4469 625 4501 ¹
660 4478 716 4519 vt
736 4479 891 4533 supra
905 4487 922 4520 .·
955 4472 1067 4521 add.
1097 4485 1174 4535 39.
1205 4485 1284 4533 41.
1359 4473 1468 4533 [See
1491 4473 1653 4531 below,
1684 4488 1730 4536 p.
1764 4470 1904 4534 388.]
1947 4470 1968 4501 ²
1990 4472 2198 4531 Deum:
2237 4470 2316 4533 63.

611 4534 633 4566 ³
663 4536 745 4585 die
770 4549 814 4599 3.
844 4539 902 4584 in
926 4554 990 4586 m.
1951 4535 1971 4565 ⁴
2003 4536 2253 4586 ciuitatis:
2292 4548 2370 4598 39.

612 4599 634 4631 ⁶
665 4601 747 4651 die
772 4617 817 4663 4.
849 4604 906 4649 in
930 4618 995 4651 m.
1948 4600 1969 4632 ⁶
2002 4602 2242 4650 Thmuis;
2281 4613 2358 4663 39.
2389 4610 2482 4649 etc.
