3293 5225
1209 451 1555 500 SABBATO
1609 450 1706 498 IN
1750 451 1987 499 ALBIS.
2718 463 2804 512 141

392 605 662 668 tenebre
693 605 1019 668 vitiorum.
1112 603 1415 669 Carnalia
1451 623 1606 665 vero
1639 602 1967 665 desideria
1997 612 2065 665 et
2096 622 2298 684 opera
2331 601 2505 665 mala
2536 602 2808 666 tenebre

392 703 563 756 sunt.
661 692 736 753 In
771 710 1051 773 quorum
1085 690 1394 753 cordibus
1425 689 1592 752 tales
1643 690 1914 753 tenebre
1945 697 2116 764 sunt,
2150 709 2280 751 non
2314 689 2543 752 vident
2593 689 2805 754 lucem

392 789 459 842 et
490 799 623 841 non
676 778 1053 860 intelligunt
1087 778 1423 842 Christum
1474 777 1632 859 quia
1671 777 1973 841 Christus
2024 776 2143 838 lux
2198 786 2316 840 est.
2409 776 2737 858 Repellite
2769 798 2810 840 a

390 867 579 929 vobis
612 866 843 928 fratres
875 866 1200 941 tenebraS,
1234 864 1299 926 id
1331 875 1433 927 est
1463 884 1697 926 omnes
1729 864 2222 939 delectationeS,
2254 872 2320 926 et
2351 864 2577 926 omnia
2606 884 2809 946 opera

394 953 588 1028 mala,
634 962 701 1014 et
755 960 982 1015 curate
1030 952 1273 1014 habere
1327 961 1645 1027 aromata,
1700 951 1824 1013 hoc
1873 960 1992 1027 est,
2040 953 2408 1013 orationem
2467 950 2812 1026 mundam,

391 1039 689 1103 dicentes
719 1059 870 1101 cum
917 1039 1299 1122 psalmista:
1392 1037 1737 1120 Dirigatur
1781 1037 1992 1100 oratio
2044 1057 2192 1100 mea
2241 1038 2412 1099 sicut
2464 1038 2807 1101 incensum

394 1128 457 1189 in
508 1135 870 1207 conspectu
932 1136 1068 1203 tu0,
1124 1145 1276 1188 ecce
1333 1125 1547 1187 Maria
1602 1124 2088 1206 perseuerando
2147 1124 2232 1186 ad
2297 1134 2806 1187 monumentum

392 1233 590 1295 quem
647 1212 967 1294 querebat
1022 1213 1294 1289 inuenit,
1326 1212 1483 1293 quia
1531 1212 1645 1293 qui
1701 1212 2220 1294 perseuerauerit
2250 1232 2459 1294 vsque
2505 1212 2570 1273 in
2606 1211 2808 1275 finem

393 1300 615 1363 saluus
647 1298 812 1363 erit.1

1476 1419 1722 1482 Oratio,

394 1532 927 1663 OMnipotens
974 1532 1375 1614 sempiterne
1429 1531 1592 1594 deus
1645 1532 1757 1613 qui
1814 1530 2123 1614 paschale
2183 1541 2674 1594 sacramentum
2739 1533 2804 1594 in

567 1619 1119 1682 reconciliationis
1194 1619 1485 1681 humane
1562 1618 1784 1681 federe
1859 1618 2215 1693 contulisti,
2289 1621 2379 1682 da
2471 1619 2803 1683 mentibus

392 1707 650 1780 nostris,
726 1717 797 1769 vt
874 1706 1054 1789 quod
1131 1705 1536 1789 professione
1612 1706 2024 1768 celebramus
2101 1706 2438 1768 imitemur
2518 1704 2812 1770 affectu.2

396 1794 532 1856 Per.

711 1936 776 2005 (Ι
827 1928 1108 1993 sabbato
1137 1928 1213 1990 de
1241 1937 1467 1991 octaua
1496 1949 1574 1990 ex
1606 1927 1880 1990 Genesz'.⁸
1964 1928 2177 1990 Lectio
2194 1927 2436 2009 prima.

395 2041 672 2169 ABijt
732 2050 801 2141 et
857 2040 1747 2141 atP⁰¹iF2.d‘³dstq¹.¹e.m?tsi=
1807 2040 2067 2122 parauit
2133 2039 2244 2103 illa
2303 2040 2485 2103 cibos
2690 2041 2808 2122 qui

564 2128 981 2190 benedixerit
1012 2129 1150 2203 tibi,
1181 2126 1752 2190 benedictionibus
1786 2127 2132 2209 repleatur.

951 2270 1019 2340 (I
1053 2263 1419 2327 Secundum
1451 2263 1805 2327 loannem}
1891 2263 2103 2326 Lectio
2135 2264 2221 2345 .ῂῖ

512 2375 718 2440 Ostea
768 2376 1218 2440 manifestauit
1266 2397 1335 2440 se
1389 2377 1624 2439 iterum
1680 2377 1899 2439 Iesum
2083 2396 2203 2439 nec
2259 2378 2476 2459 ipsum
2525 2379 2806 2442 arbitror

541 2464 865 2527 mundum
899 2484 1135 2546 capere
1167 2484 1363 2546 posse
1392 2484 1506 2526 eos
1540 2464 1653 2545 qui
1687 2463 2014 2526 scribendi
2048 2473 2204 2527 sunt
2236 2464 2451 2528 libros,

938 2607 1006 2678 (I
1059 2601 1281 2664 Tertia
1310 2601 1484 2665 lectio
1513 2602 1857 2664 secundum
1889 2600 2240 2666 Ioannem.⁵

474 2715 534 2777 N
586 2714 700 2777 illo
744 2722 1081 2798 ternpore:
1142 2715 1298 2777 Vna
1344 2714 1606 2778 sabbati
1656 2714 1868 2777 Maria
1923 2713 2325 2797 Magdalene
2373 2716 2554 2779 venit
2604 2736 2805 2779 mane

499 2822 652 2864 cum
685 2802 901 2865 adhuc
949 2802 1220 2865 tenebre
1250 2812 1472 2865 essent
1503 2802 1588 2863 ad
1623 2800 2177 2865 monumentum.6

1040 2939 1121 3001 H
1115 2937 1386 3021 omelia†
1414 2940 1628 3001 sancti
1659 2938 1718 3002 G
1721 2939 1965 3021 regomj'
1971 2949 2150 3020 pape.

522 3048 800 3113 Raetus7
849 3051 1048 3133 longa
1105 3052 1408 3115 molestia
1461 3051 1862 3128 stomachuS,
1903 3051 2015 3113 diu
2073 3072 2178 3113 me
2232 3051 2536 3114 charitati
2585 3063 2806 3116 vestre

549 3136 964 3201 delectionis⁸
1014 3138 1397 3220 euangelice
1458 3138 1639 3219 loqui
1700 3139 2121 3219 expositione
2183 3138 2532 3220 prohibuit.
2641 3140 2800 3204 Vox

390 3245 682 3307 namque
744 3226 886 3308 ipsa
940 3247 979 3288 a
1033 3225 1338 3288 clamoris
1391 3226 1633 3289 virtute
1694 3225 2083 3301 succumbit,
2136 3235 2202 3288 et
2262 3227 2420 3308 quia
2472 3247 2512 3289 a
2575 3227 2801 3290 multis

392 3310 633 3375 audiri⁹
683 3333 811 3375 non
869 3312 1098 3375 valeo:
1164 3312 1363 3394 loqui,
1418 3313 1646 3389 fateor,
1697 3315 1864 3375 iuter
1919 3313 2162 3375 multos
2215 3314 2548 3377 erubesco,
2664 3314 2798 3378 Sed

391 3398 562 3461 hanc
626 3400 689 3461 in
754 3419 860 3461 me
912 3399 1398 3475 verecundiam,
1452 3409 1519 3461 et
1581 3400 1721 3482 ipse
1782 3399 2207 3482 reprehende.
2330 3399 2510 3482 Quid
2570 3401 2810 3465 enim?

396 3485 741 3566 Numquid
774 3487 826 3548 si
861 3486 1085 3550 multis
1134 3486 1445 3569 prodesse
1501 3506 1758 3567 nequeo
1791 3506 1911 3549 nec
1963 3488 2188 3568 paucis
2238 3487 2532 3550 curabo?
2624 3488 2715 3551 Et
2749 3490 2802 3551 si

392 3594 479 3636 ex
515 3593 729 3635 messe
778 3581 1040 3655 portare
1099 3573 1472 3656 manipulos
1527 3573 1771 3636 multos
1806 3593 1935 3635 non
1972 3594 2259 3656 possum,
2294 3574 2593 3656 nunquid
2644 3595 2802 3639 nam

394 3660 607 3723 debeo
652 3659 737 3722 ad
787 3680 1008 3723 aream
1042 3680 1288 3723 vacuus
1334 3659 1592 3722 redire?
1686 3659 2012 3742 Quamuis
2059 3661 2234 3723 enim
2268 3672 2555 3743 quantos
2587 3662 2809 3726 debeo

395 3748 560 3810 serre
610 3768 741 3809 non
776 3747 985 3824 vale0‚
1017 3757 1190 3810 certe
1221 3747 1323 3810 vel
1379 3768 1644 3829 pauc05,
1676 3758 1852 3810 certe
1883 3746 1983 3810 vel
2035 3749 2221 3823 duoS,
2251 3757 2428 3811 certe
2458 3748 2561 3811 vel
2595 3770 2800 3813 vnum

396 3834 619 3897 seram.
715 3834 943 3897 Habet
990 3854 1277 3917 namque
1324 3835 1468 3915 ipsa
1530 3833 1928 3896 infirmitas1⁰
1980 3834 2259 3897 intentio
2312 3835 2631 3898 mercedis
2685 3857 2808 3899 sue

395 3922 879 3997 certitudinem,
897 3921 1054 4003 quia
1078 3942 1402 4002 supernus
1433 3920 1677 3983 arbiter
1708 3931 1945 3998 noster,
1971 3930 2036 3984 et
2061 3923 2114 3984 si
2136 3921 2397 4004 pondus
2429 3924 2810 3987 considerat

400 4008 465 4070 in
517 4008 945 4071 retributione
998 4018 1222 4070 tamen
1270 4009 1439 4070 vires
1500 4019 1737 4090 pensat
1789 4009 1852 4069 in
1909 4009 2218 4090 pondere.
2311 4009 2543 4072 Lectio
2593 4011 2806 4073 sancti

398 4094 725 4177 euangelij
754 4115 954 4176 quam
991 4094 1192 4157 modo
1218 4096 1449 4157 fratres
1480 4094 1775 4170 audistis,
1798 4096 1992 4158 valde
2023 4095 2089 4157 in
2123 4095 2464 4178 superficie
2496 4096 2804 4160 historica

399 4191 499 4245 est
531 4194 777 4264 aperta,
808 4181 924 4244 sed
957 4183 1097 4244 eius
1130 4181 1320 4244 nobis
1352 4191 1504 4245 sunt
1540 4182 1855 4263 mysteria
1886 4182 2009 4244 sub
2040 4182 2366 4246 breuitate
2397 4184 2811 4265 requirenda.

498 4315 515 4348 ¹
550 4317 624 4367 Te
648 4318 849 4367 Deum:
885 4319 995 4366 add.
1023 4317 1102 4380 63.
1438 4314 1461 4347 ²
1493 4316 1707 4367 effectu:
1744 4329 1821 4380 39.
1861 4326 1955 4367 etc.
2157 4315 2178 4347 ³
2209 4317 2379 4378 [xxvii.
2414 4319 2613 4380 14-29.]

498 4381 519 4411 ⁴
554 4383 641 4432 Ca.
672 4395 729 4431 21
758 4385 815 4430 in
839 4399 903 4431 m.
934 4382 1052 4442 [xxi.
1088 4383 1253 4445 1-25.]
1442 4380 1463 4411 ⁶
1497 4383 1584 4432 Ca.
1616 4395 1680 4431 20
1704 4384 1760 4430 in
1785 4400 1849 4432 m.

498 4444 519 4476 ⁶
555 4448 619 4496 Et
644 4448 863 4512 reliqua:
901 4449 1011 4496 add.
1042 4460 1118 4510 39.
1147 4458 1241 4498 etc.
1443 4446 1463 4478 ⁷
1498 4449 1729 4497 Fratres:
1766 4446 1844 4561 38.

499 4510 519 4541 ⁸
553 4513 615 4563 de
638 4513 898 4563 lectionis:
936 4525 1013 4576 39.
1050 4524 1143 4563 ete.
1442 4510 1463 4541 ⁹
1494 4513 1697 4563 audire:
1735 4525 1763 4576 3
1801 4549 1812 4561 .
2151 4510 2190 4542 ¹⁰
2221 4512 2556 4564 infirmitatisz
2593 4526 2671 4578 39.
2711 4523 2808 4564 etc.
