3293 5225
646 407 744 471 348
1270 408 1362 456 OC
1367 407 1417 455 T
1410 408 1458 455 A
1475 407 1563 455 VA
1605 405 1926 457 OilelUM
1954 405 2435 455 SANCTORUM.
2832 405 2993 467 [Nor.
3023 419 3053 467 7.

645 561 1021 642 fragilitatis
1094 561 1371 642 digressi
1448 579 1693 622 sumus,
1841 558 2215 622 Taceamus
2290 559 2561 621 interim
2645 558 2744 621 de
2824 561 3062 623 secretis
3136 567 3147 638 ἱ

645 648 1014 723 celestibu5‚
1074 647 1190 711 sed
1251 658 1407 710 ante
1483 647 1711 709 oculos
1785 646 2145 709 conditoris
2220 655 2566 727 tergamus
2650 657 3059 728 peccatorum
3136 673 3149 736 ς

647 735 942 797 maculas
972 744 1042 797 vt
1073 734 1159 797 ad
1191 755 1306 797 eos
1336 734 1420 797 de
1452 734 1695 815 quibus
1728 733 2060 814 loquimur
2090 735 2434 815 peruenire
2466 731 2799 797 valeam)

1120 889 1187 959 (Ι
1234 882 1364 945 Die
1394 904 1469 947 .v.
1501 883 1579 945 de
1608 891 1833 944 octaua
1863 881 2152 943 omnium
2182 879 2604 944 sanctorum?

1673 992 1885 1055 Lectio
1917 993 2028 1074 ,ις’Ῐ.

653 1106 992 1235 ADhuc
1070 1117 1293 1169 tamen
1372 1105 1621 1186 aliquid
1699 1104 1783 1167 de
1858 1104 1982 1166 hac
2058 1114 2196 1166 tam
2275 1104 2552 1186 pulchra
2635 1126 2726 1167 ac
2799 1109 3075 1188 preclara

822 1193 1181 1256 sestiuitate
1214 1193 1443 1273 loqui
1428 1193 1824 1274 incipiamus
1855 1211 1984 1272 que
2023 1212 2156 1253 non
2203 1191 2417 1253 solum
2468 1193 2571 1271 (vt
2625 1194 3075 1273 prediximus]

646 1281 1031 1363 angelorum
1068 1280 1419 1362 spiritibus,
1449 1299 1680 1341 verum
1714 1280 1915 1341 etiam
1964 1279 2209 1340 sanctis
2254 1278 2569 1341 omnibus
2621 1281 2754 1360 qui
2811 1282 2883 1342 in
2935 1293 3079 1343 terra

649 1378 800 1431 sunt
833 1367 919 1430 ab
950 1367 1229 1430 exordio
1284 1366 1516 1429 mundi
1574 1367 1892 1448 precreati
1948 1364 2420 1428 honorabiliter
2454 1367 2736 1447 predita
2774 1371 3079 1430 consistit.

650 1455 758 1517 Ex
811 1455 1050 1535 quibus
1099 1453 1361 1516 suerunt
1418 1452 1786 1534 patriarche
1840 1453 1958 1514 viri
2010 1451 2293 1533 religiosi
2346 1453 2410 1514 in
2466 1453 2612 1514 vita
2680 1474 2824 1516 sua
2887 1469 3084 1537 patres
3152 1451 3165 1514 '.

649 1542 1119 1624 prophetarum
1175 1551 1242 1603 et
1292 1540 1764 1622 apostolorum,
1795 1559 2072 1621 quorum
2122 1540 2443 1600 memoria
2476 1560 2617 1601 non
2671 1542 3084 1624 relinquetur

647 1639 713 1690 et
764 1649 1006 1690 nomen
1063 1648 1289 1690 eorum
1348 1637 1574 1689 manet
1624 1628 1690 1688 in
1745 1637 2065 1688 eternum.
2160 1623 2319 1687 Hic-³
2348 1625 2637 1688 athlete*
2668 1628 2821 1704 dei,
2855 1631 3086 1693 electus

647 1715 1007 1777 concordat
1097 1714 1446 1777 duodenus
1536 1713 1988 1795 apostolorum
2067 1732 2397 1788 numeruS‚
2472 1732 2655 1794 quos
2744 1737 2792 1777 a
2881 1720 3089 1798 primis

650 1802 1113 1863 miraculorum
1175 1801 1546 1876 virtutibu3‚
1605 1800 1692 1863 ad
1754 1800 2292 1881 componendum
2358 1819 2532 1862 noue
2614 1800 2793 1864 fidei
2874 1805 3089 1867 sunda-

650 1899 969 1963 mentum,
1028 1888 1551 1968 erigendumque
1626 1887 1845 1949 adhuc
1921 1896 2144 1948 tenere
2221 1896 2469 1948 statum
2549 1889 2887 1966 ecclesie,
2969 1913 3091 1973 pro—

651 1975 948 2037 uidentia
980 1975 1207 2038 diuina
1251 1996 1336 2036 ex
1373 1973 1686 2036 omnibus
1732 1994 1899 2054 quos
1949 1973 2255 2055 capiebat
2305 1974 2601 2036 mundus
2652 1976 2909 2058 elegit,
2939 1990 3011 2040 vt
3040 1980 3089 2041 in

649 2082 918 2124 omnem
954 2072 1194 2124 terram
1230 2082 1431 2123 sonus
1456 2080 1683 2122 eorum
1715 2061 2182 2142 predicationis
2206 2061 2489 2136 exirent,
2513 2071 2582 2123 et
2613 2063 2688 2124 in
2722 2064 2913 2128 fines
2939 2066 3096 2128 orbis

648 2159 815 2211 terre
846 2170 1075 2211 eorum
1111 2149 1541 2230 procederent
1573 2148 1792 2211 verba.

1124 2291 1189 2360 (I
1237 2284 1367 2346 Die
1398 2286 1471 2347 .6.
1504 2284 1582 2344 de
1611 2294 1836 2345 octaua
1866 2283 2156 2344 omnium
2186 2283 2602 2347 sanctonmz.⁵

1676 2395 1731 2456 L
1738 2395 1889 2457 ectio
1920 2395 2031 2475 ,τῇ

666 2507 910 2636 Hls
950 2508 1319 2570 subiectum
1384 2516 1483 2568 est
1546 2506 1947 2588 triumphale
2009 2515 2375 2586 martyrum
2440 2527 2721 2585 nomen,
2792 2513 2921 2592 qui
3000 2533 3102 2594 per

845 2594 1107 2658 diuersa
1198 2604 1682 2657 tormentorum
1774 2614 2017 2676 genera
2115 2593 2338 2656 christi
2448 2595 2856 2677 passionem
2982 2620 3103 2662 non

653 2682 1125 2745 lacessentibus
1201 2682 1692 2763 precordiorum
1771 2681 2107 2743 mentibus
2167 2681 2637 2744 imitabantur:
2720 2684 2850 2765 alij
2944 2686 3109 2749 ferro

655 2771 997 2851 perempti,
1043 2769 1151 2850 alij
1204 2767 1492 2830 flammis
1535 2769 1758 2831 exusti
1805 2768 1913 2848 alij
1957 2767 2178 2850 flagris
2222 2768 2565 2844 verberati,
2609 2769 2730 2850 alij
2790 2774 3111 2835 vectibus

655 2857 981 2939 perforati,
1013 2856 1121 2936 alij
1176 2856 1446 2917 cruciati
1502 2855 1820 2937 patibu10,
1851 2855 1959 2936 alij
2002 2855 2283 2917 demersi
2333 2856 2551 2936 pelagi
2601 2858 2953 2937 periculo,
3001 2860 3106 2939 alij

651 2945 782 3006 viui
838 2944 1171 3018 decoriati,
1224 2943 1333 3023 alij
1390 2943 1670 3004 vinculis
1719 2944 2099 3023 mancipati,
2158 2942 2267 3022 alij
2334 2942 2575 3023 linguis
2637 2945 2935 3023 priuati,
3002 2947 3109 3027 alij

654 3031 983 3112 lapidibus
1013 3030 1249 3104 obruti,
1280 3029 1390 3109 alij
1427 3029 1667 3110 frigore
1721 3028 1989 3091 afflicti:
2034 3028 2144 3109 alij
2203 3028 2378 3091 fame
2432 3030 2728 3106 cruciati,
2765 3034 2893 3113 alij
2954 3055 3112 3097 vero

652 3118 970 3179 truncatis
1047 3117 1354 3178 manibus
1430 3117 1568 3178 siue
1645 3117 1879 3178 ceteris
1953 3116 2121 3177 cesis
2210 3115 2525 3178 membris
2615 3122 3109 3197 spectaculum

651 3203 1050 3266 contumelie
1084 3204 1147 3265 in
1183 3204 1445 3285 populis
1478 3203 1636 3265 nudi
1672 3213 1939 3285 propter
1971 3223 2214 3264 nomen
2247 3202 2500 3265 domini
2535 3213 2928 3285 portantes,

1171 3351 1301 3413 Die
1331 3402 1343 3415 .
1349 3366 1405 3429 7.
1438 3352 1514 3412 de
1543 3361 1768 3413 octaua
1791 3351 2080 3411 omnium
2110 3349 2522 3414 sanct077cttt.⁶

1679 3461 1891 3524 Lectio
1925 3462 2035 3544 .t'4'j.

658 3573 996 3706 CHristi
1051 3595 1208 3637 vero
1258 3574 1711 3636 sacerdotibus
1763 3585 1964 3655 atque
1996 3576 2377 3637 doctoribus
2409 3576 2549 3638 siue
2582 3576 3113 3644 consessoribus

810 3662 1003 3723 huius
1066 3661 1493 3723 festiuitatem
1557 3662 1687 3724 diei
1752 3682 1883 3723 non
1948 3663 2245 3743 ignotam
2314 3683 2457 3724 esse
2531 3662 2900 3741 credimuS‚
2992 3670 3111 3748 qui

651 3749 851 3810 corda
903 3748 1194 3810 fidelium
1252 3748 1676 3830 spiritualiter
1721 3750 1909 3829 quasi
1943 3748 2262 3811 imbribus
2294 3750 2565 3830 irrigant
2597 3748 3007 3825 celestibuS,
3042 3766 3115 3817 vt

652 3835 926 3898 feliciter
1004 3835 1289 3917 proferre
1366 3835 1977 3898 immarcessibilem
2056 3836 2378 3897 bonorum
2454 3855 2735 3917 operum
2824 3845 3113 3920 possint

607 3922 956 3985 fructum.
1050 3922 1182 4003 Qui
1246 3922 1497 3984 talenta
1560 3922 1682 3983 sibi
1745 3923 1993 3985 credita
2056 3942 2188 3984 non
2253 3923 2465 3984 solum
2515 3923 2794 3987 reddere
2849 3948 3109 3991 verum

650 4010 853 4071 etiarn
882 4029 1034 4071 cum
1067 4029 1263 4070 vsura
1297 4010 1438 4071 sine
1465 4008 1694 4072 fraude
1725 4009 2043 4091 ampliare
2070 4019 2604 4090 procurauerunt:
2636 4012 2799 4091 quia
2824 4013 3109 4078 bonum

651 4096 830 4175 quod
883 4117 1000 4177 per
1052 4097 1335 4176 gratiam
1388 4097 1869 4177 spiritussancti
1920 4095 2353 4176 intelligendo
2406 4095 2718 4172 didicere,
2768 4119 2913 4162 non
2974 4104 3110 4165 sibi

651 4183 1141 4257 tantummodO,
1201 4182 1317 4245 sed
1378 4193 1446 4245 et
1506 4182 1655 4263 alijs
1715 4183 2157 4244 subiectorum
2237 4182 2573 4245 mentibus
2652 4185 3107 4265 profuturum

746 4404 769 4435 2
749 4340 1082 4390 ¹valeamus:
1121 4340 1198 4403 38.
1231 4354 1306 4403 39.
1337 4354 1415 4402 41.
1444 4356 1523 4401 44.
1555 4354 1632 4402 49.
1665 4340 1743 4389 61.
1763 4340 1852 4435 363.
1884 4340 1961 4400 64.
2036 4342 2290 4389 vzalemus
2328 4353 2406 4403 43.

799 4406 883 4454 die
899 4416 952 4519 ἑ.
984 4423 1040 4453 m
1066 4423 1129 4455 m.
1191 4423 1283 4455 om.
1315 4407 1392 4469 38.
1763 4403 1990 4455 ³Hinc:
2029 4418 2105 4468 39.
2136 4419 2213 4466 41.
2292 4406 2462 4455 Huic·
2498 4405 2595 4469 63.r
2668 4405 2689 4435 ⁴
2723 4408 2971 4462 athleta:
3019 4427 3106 4478 39.

747 4470 768 4499 ὓ
800 4471 944 4520 di..
977 4488 1033 4518 m
1058 4488 1123 4520 m.
1195 4488 1286 4520 om.
1319 4471 1395 4534 38.
1762 4469 1896 4520 6die
1921 4481 1963 4532 7.
1996 4488 2055 4519 m
2080 4488 2142 4520 m.
2215 4488 2305 4521 om.
2339 4470 2416 4533 38.
