3293 5225
873 469 1055 518 PSAL
1069 468 1252 518 TER]
1260 469 1397 518 VM:
1453 469 1551 518 IN
1595 469 1828 519 FERIA
1888 470 2154 520 SEXTA.
2665 479 2725 529 27

354 620 607 751 DEus
638 622 704 685 in
737 621 1139 686 adiutorium
1174 643 1396 686 meum
1430 623 1703 686 intende
1849 623 2121 687 domine
2152 643 2237 686 ne
2269 622 2558 688 moreris.

1277 840 1617 903 ¹Psalmus
1648 890 1661 903 .
1666 855 1704 918 7
1711 839 1794 921 3?

342 948 515 1077 VT
545 950 705 1032 quid
757 950 921 1014 deus
970 950 1264 1033 repulisti
1319 952 1384 1014 in
1455 951 1656 1015 finem
1804 952 1919 1035 qui
1974 961 2042 1016 te
2094 951 2379 1015 oderunt
2431 950 2732 1013 ascendit

430 1056 838 1273 Jaeisszza’
932 1124 1082 1187 Rex
1118 1133 1341 1188 noster
1370 1134 1527 1189 ante
1572 1126 1810 1203 secula,
1844 1135 2158 1209 operatus
2188 1135 2290 1189 est
2335 1124 2618 1188 salutem
2662 1125 2729 1187 in

332 1231 426 1273 me
476 1230 536 1274 10
566 1220 752 1274 terre.

1223 1356 1290 1426 (Ι
1335 1350 1461 1413 Ad
1480 1353 1817 1431 vesperas.⁴

1183 1467 1250 1537 (Ι
1294 1462 1614 1525 Psalmus
1643 1465 1832 1542 .137.⁵

448 1570 797 1635 Onfitebor
827 1572 946 1636 tibi
997 1573 1269 1636 domine
1323 1574 1388 1636 in
1439 1583 1585 1638 toto
1632 1574 1831 1638 corde
1867 1594 2016 1638 meo
2163 1594 2367 1656 opera
2411 1593 2731 1636 manuum

475 1667 734 1721 tuarum
772 1679 855 1721 ne
886 1660 1229 1742 despicias,

1195 1802 1262 1872 (Ι
1311 1797 1652 1861 “Psalmus
1682 1816 1728 1862 .1
1746 1799 1843 1877 38.

340 1905 710 2036 Domine
743 1907 1035 1990 probasti
1072 1927 1178 1970 me
1207 1921 1310 1974 :et
1362 1910 1736 1992 cognouisti
1769 1930 1876 1972 me
1913 1960 1957 1973 ..
2023 1918 2090 1973 et
2122 1909 2341 1972 deduc
2373 1928 2481 1970 me
2527 1908 2592 1970 in
2625 1908 2735 1970 via

492 2002 734 2058 eterna.

1211 2141 1278 2211 (1
1326 2133 1668 2197 ⁷Psalmus
1697 2150 1858 2213 .141.

455 2243 595 2309 Oce
628 2266 776 2308 mea
810 2245 894 2309 ad
929 2247 1275 2310 dominum
1309 2246 1592 2310 clamaui
1745 2266 1852 2309 me
1897 2254 2264 2328 expectant
2311 2245 2483 2322 iusti,
2514 2244 2732 2307 donec

480 2333 798 2395 retribuas
832 2333 1008 2398 mihi.

439 2418 709 2483 Deinde.
803 2420 1212 2503 Magnificat.
1300 2420 1483 2483 Folio
1516 2421 1599 2485 83³

855 2588 923 2658 (I
967 2584 1028 2646 Α
1038 2582 1090 2645 α’
1112 2583 1628 2666 completorium.⁹
1718 2582 2036 2646 Psalmus
2066 2599 2184 2648 .12.

317 2691 775 2842 Vquuequo
807 2694 1078 2843 {lomine
1109 2696 1515 2758 obliuisceris
1550 2717 1657 2759 me
1690 2697 1755 2758 in
1790 2694 2039 2759 finem?
2172 2694 2452 2778 psallam
2480 2691 2738 2757 nomini

530 2782 734 2843 omini
768 2802 807 2843 a
835 2783 1088 2846 tissimi.

1211 2942 1279 3011 (I
1324 2934 1694 3000 ¹⁰Psalmus
1724 2938 1780 3001 ,8
1788 2950 1841 3016 5.

397 3046 641 3109 Nelina
691 3049 961 3111 domine
1017 3069 1243 3111 aurem
1300 3058 1504 3126 tuam,
1555 3059 1621 3112 et
1675 3048 1923 3112 exaudi
1989 3069 2095 3112 me
2289 3047 2606 3130 quoniam
2660 3055 2734 3109 tu

424 3135 699 3197 domine
729 3136 1042 3199 adiuuisti
1076 3155 1201 3211 me,
1234 3145 1301 3199 et
1333 3136 1718 3199 consolatus
1749 3156 1820 3198 es
1853 3156 1977 3199 me.

414 3359 429 3389 ¹
470 3361 550 3409 De
566 3361 938 3421 lamentatione,
960 3362 1157 3412 miseria
1184 3362 1484 3422 Iudaeorum,
1511 3370 1560 3412 et
1583 3363 1829 3412 desiderio
1852 3361 2157 3412 liberationis
2180 3361 2417 3427 ipsorum,
2437 3369 2484 3409 et
2508 3359 2742 3409 similiter

298 3425 537 3519 fidelium
564 3426 614 3474 in
638 3428 927 3490 mptiuitate
953 3428 1144 3492 peccati
1165 3428 1481 3477 detentorum
1504 3445 1517 3477 ε
1543 3436 1629 3491 pr.
1659 3428 1740 3478 61.
1768 3439 1860 3478 etc.

410 3553 435 3585 ²
471 3502 652 3605 70νῶ
668 3572 685 3604 .·
718 3559 829 3607 add.
858 3556 938 3620 63.

403 3619 428 3650 ⁴
467 3622 616 3670 Pater
636 3631 815 3671 noster.
885 3625 996 3672 Aue
1019 3623 1188 3672 maria.
1264 3624 1403 3672 Deus
1425 3623 1475 3672 in
1499 3623 1815 3679 adiutorium.
1887 3624 2129 3685 Hymnus
2146 3623 2442 3687 Anttplzona
2460 3640 2478 3672 .·
2510 3623 2621 3671 add.
2652 3621 2737 3684 63.

406 3687 495 3736 De
528 3687 673 3736 laude
717 3688 799 3736 dei
842 3687 1024 3737 deuota
1060 3697 1264 3753 propter
1304 3689 1499 3738 diuersa
1536 3689 1779 3738 beneficia
1813 3690 2034 3738 humano
2071 3688 2241 3753 generi
2286 3690 2544 3753 praestita:
2582 3697 2631 3736 et
2671 3687 2743 3736 de

290 3767 501 3865 ωας-ιιι)
525 3750 773 3847 desiderio
796 3769 888 3818 pro
910 3754 1004 3803 hac
1028 3753 1174 3802 laude
1197 3754 1454 3803 dilatanda
1477 3772 1490 3804 ε
1525 3757 1636 3803 add.
1667 3754 1747 3803 61.
1776 3763 1868 3803 etc.

401 3880 428 3912 ⁸
468 3830 564 3931 D3e9
586 3831 910 3959 ’eiiii-ibitione
964 3884 1148 3935 diuinae
1195 3884 1364 3960 ‘laudis
1408 3900 1480 3998 gx
1536 3885 1933 3934 consideratione
1991 3884 2271 3933 eminentiae
2327 3884 2510 3933 diuinae
2553 3884 2743 3947 vbique

291 3956 1395 4091 1)Ἣὲεόἑὶἰὲῗέιέὶξτῖἕὲῗὶεεῖῃὲέεὶὶῖἰὲι
1418 3958 1609 4079 uiagexig·
1623 4014 1891 4064 afflictione
1915 4015 2082 4079 positi,
2111 4030 2201 4080 pro
2223 4030 2312 4064 sua
2346 4015 2639 4064 liberatione
2672 4013 2749 4062 ab

283 4094 449 4173 omrgx
460 4081 612 4204 [2210
635 4080 1027 4205 etgtpbulatxone
1047 4098 1059 4128 ε
1086 4089 1171 4143 pr.
1196 4081 1275 4129 61.
1304 4089 1398 4129 etc.

398 4205 424 4238 ⁹
468 4160 631 4259 Patet?
633 4181 645 4192 ⁸
658 4180 841 4259 noster.
914 4211 1026 4259 Aue
1070 4210 1242 4260 maria.
1329 4210 1595 4261 Conuerte.
1670 4211 1811 4261 Deus
1855 4210 1906 4260 in
1952 4210 2269 4260 adiutorium.
2359 4210 2433 4259 Te
2471 4210 2609 4259 lucis.
2659 4222 2731 4257 12.

275 4275 627 4338 Attnpkona.
703 4275 855 4325 Salua
878 4292 1004 4326 nos:
1040 4277 1151 4325 add.
1181 4276 1263 4339 63.

399 4341 493 4390 De
516 4341 836 4400 aduersitate,
862 4351 911 4391 et
937 4342 1255 4391 tribulatione
1280 4340 1501 4391 fidelium
1526 4341 1809 4407 multiplici,
1835 4341 2016 4405 quibus
2038 4340 2161 4405 petit
2188 4340 2428 4399 Ecclesia,
2457 4355 2542 4390 seu
2577 4338 2749 4388 fidelis

281 4407 529 4470 quilibet
552 4407 793 4455 diuinitus
817 4407 1049 4458 liberariz
1084 4409 1195 4456 add.
1225 4405 1305 4455 61.
1336 4415 1429 4455 etc.

393 4470 444 4501 ¹⁰
484 4472 663 4521 Oratio
698 4471 887 4520 Christi
932 4473 1150 4521 instante
1190 4471 1441 4537 passione,
1483 4473 1562 4521 vel
1601 4472 1765 4521 fidelis
1808 4471 1958 4537 positi
1999 4471 2051 4520 in
2094 4471 2343 4535 corporali
2380 4471 2461 4519 vel
2501 4468 2754 4534 spirituali

266 4536 650 4595 tribulatione,
678 4545 728 4585 et
755 4537 1050 4586 recurrentis
1071 4537 1137 4586 ad
1160 4536 1328 4597 deum,
1357 4552 1448 4602 pro
1471 4553 1560 4587 sua
1582 4537 1874 4587 liberatione
1896 4555 1908 4586 z
1934 4544 2021 4601 pr.
2050 4535 2130 4585 61.
2159 4545 2253 4586 etc.
