3293 5225
1047 437 1178 486 PSA
1186 438 1227 485 L
1242 437 1423 485 TER!
1435 437 1546 485 VM
1557 451 1574 483 .·
1633 436 1727 484 IN
1777 436 2176 485 DOMINICA.
2790 446 2819 496 3

1359 642 1378 676 ¹
1404 640 1719 703 Psalmus
1747 654 1866 721 .95.

404 751 789 883 CAntate
839 753 1115 815 domino
1173 754 1506 816 canticum
1574 771 1905 815 nouum..
1969 760 2037 814 et
2099 751 2382 834 populos
2431 751 2494 813 in
2543 750 2820 813 veritate

560 860 695 902 sua.

1068 982 1133 1051 (l
1171 975 1512 1040 Canticum
1543 977 1748 1039 trium
1765 975 2164 1057 puerorum.2

540 1088 917 1151 Benedicite
1005 1089 1229 1151 omnia
1319 1110 1521 1171 opera
1616 1089 1868 1151 domini
1968 1087 2279 1150 domino:
2370 1088 2655 1161 laudate,
2749 1097 2814 1150 et

403 1176 905 1257 superexaltate
936 1196 1089 1238 eurn
1118 1176 1181 1238 in
1214 1175 1453 1240 secula.

541 1262 921 1325 Benedicite
953 1263 1171 1345 angeli
1205 1263 1454 1325 domini
1486 1262 1764 1325 domino
1790 1286 1803 1324 :
1851 1261 2219 1324 benedicite
2250 1261 2371 1324 celi
2403 1262 2694 1325 domin0.

540 1348 918 1412 Benedicite
983 1369 1156 1430 aque
1231 1369 1480 1423 omneS,
1553 1368 1685 1430 que
1745 1369 1943 1431 super
2016 1349 2192 1411 celos
2266 1359 2422 1413 sunt
2496 1348 2811 1411 domino:

402 1436 775 1499 benedicite
807 1457 1041 1499 omnes
1071 1438 1346 1499 virtutes
1376 1435 1629 1498 domini
1652 1436 1943 1501 domino,

544 1523 924 1586 Benedicite
956 1524 1052 1586 sol
1085 1534 1152 1585 et
1185 1524 1340 1585 luna
1385 1523 1659 1586 domino
1688 1547 1702 1585 ε
1751 1523 2117 1586 benedicite
2148 1522 2337 1585 stelle
2370 1523 2489 1587 celi
2520 1523 2811 1587 domino,

543 1610 919 1673 Benedicite
951 1611 1176 1683 imber,
1207 1619 1273 1672 et
1306 1631 1411 1672 ros
1456 1611 1770 1673 domino:
1817 1610 2186 1673 benedicite
2238 1611 2499 1673 omnes⁸
2542 1611 2812 1693 spiritus

403 1696 516 1759 dei
550 1696 838 1760 domin0.

542 1784 922 1847 Benedicite
953 1784 1121 1865 ignis
1152 1794 1222 1847 et
1266 1792 1448 1847 estus
1492 1785 1809 1847 domino:
1857 1783 2223 1846 benedicite
2259 1783 2485 1865 frigus⁴
2536 1794 2602 1846 et
2634 1793 2811 1846 estas

402 1872 699 1934 domino.

541 1958 923 2020 Benedicite
954 1979 1149 2033 roreS,
1179 1969 1247 2021 et
1278 1958 1512 2040 pruina
1542 1957 1817 2021 domino
1844 1980 1857 2020 :
1904 1958 2270 2020 benedicite
2315 1958 2467 2039 gelu
2499 1969 2566 2019 et
2610 1957 2812 2039 frigus

402 2044 701 2109 domino,

542 2132 922 2196 Benedicite
981 2131 1243 2214 glacieS,
1282 2142 1352 2195 et
1412 2133 1597 2195 niues
1658 2131 1971 2194 domino:
2034 2132 2400 2194 benedicite
2455 2142 2701 2207 nocteS‚
2745 2142 2812 2195 et

402 2219 550 2281 dies
581 2218 871 2283 domino,

545 2305 922 2368 Benedicite
983 2307 1099 2369 lux
1162 2316 1227 2369 et
1283 2306 1552 2368 tenebre
1606 2306 1931 2368 domino:
2001 2306 2371 2369 benedicite
2423 2304 2697 2387 fulgura,
2747 2316 2815 2370 et

410 2393 622 2454 nubes
653 2393 942 2456 domino,

546 2480 904 2543 Benedicat
957 2490 1130 2542 terra
1181 2480 1561 2543 dominum:
1633 2480 1874 2555 laudet,
1928 2491 1994 2541 et
2048 2479 2501 2563 superexaltet
2546 2499 2698 2541 eum
2749 2481 2812 2542 in

407 2568 647 2632 secula.

550 2656 925 2718 Benedicite
981 2665 1243 2718 montes
1296 2664 1363 2717 et
1428 2655 1629 2717 colles
1689 2654 2005 2717 domino:
2077 2653 2444 2718 benedicite
2511 2656 2815 2717 Vniuersa

408 2742 852 2825 germinantia
884 2741 949 2804 in
985 2751 1156 2804 terra
1186 2741 1476 2805 domino,

548 2828 926 2912 Benedicite
989 2828 1202 2891 fontes
1278 2828 1592 2891 domino:
1670 2828 2037 2890 benedicite
2114 2829 2338 2904 maria,
2398 2838 2464 2891 et
2540 2827 2817 2891 flumina

410 2916 704 2979 domino,

548 3002 928 3066 Benedicite
973 3012 1135 3076 cete,
1180 3014 1246 3065 et
1292 3004 1520 3064 omnia
1566 3022 1696 3084 que
1752 3013 2104 3064 mouentur
2154 3003 2218 3064 in
2268 3003 2457 3082 aquis
2503 3003 2817 3065 domino:

416 3091 784 3153 benedicite
815 3110 1049 3152 omnes
1080 3090 1378 3152 volucres
1410 3090 1529 3152 celi
1564 3089 1854 3152 domin0.

548 3177 927 3239 Benedicite
959 3197 1192 3239 omnes
1239 3177 1464 3252 bestie,
1517 3186 1584 3238 et
1633 3196 1874 3258 pecora
1924 3175 2239 3238 domino:
2289 3176 2657 3259 benedicite
2705 3176 2815 3239 filii

410 3265 757 3326 hominum
790 3264 1080 3327 domin0.

548 3349 907 3414 Benedicat
967 3351 1167 3413 Israel
1229 3350 1573 3412 dominum
1637 3349 1880 3423 laudet,
1921 3359 1989 3411 et
2048 3350 2498 3431 superexaltet
2553 3371 2704 3413 eum
2752 3352 2816 3413 in

411 3438 650 3500 secula.

548 3524 925 3587 Benedicite
999 3523 1374 3587 sacerdotes
1449 3523 1702 3586 domini
1777 3522 2049 3585 domino
2088 3547 2099 3584 :
2191 3523 2559 3587 benedicite
2650 3527 2818 3587 serui

413 3611 669 3673 domini
705 3610 995 3675 domino,

552 3698 930 3760 Benedicite
985 3699 1270 3779 spiritus,
1303 3707 1369 3759 et
1418 3698 1640 3760 anime
1703 3697 2024 3760 iustorum
2076 3696 2388 3760 domino:
2452 3698 2820 3761 benedicite

412 3786 644 3860 sancti,
674 3797 741 3847 et
773 3784 1055 3848 humiles
1085 3787 1284 3847 corde
1315 3784 1606 3847 domino,

552 3871 950 3946 Benedicite,
1006 3873 1291 3944 Anania,
1355 3872 1598 3934 Azaria
1665 3871 1899 3933 Misael
1948 3870 2360 3933 dominum⁶z
2426 3871 2712 3950 laudate,
2755 3884 2821 3935 et

418 3958 913 4041 superexaltate
943 3980 1094 4022 eum
1129 3961 1193 4021 in
1228 3958 1467 4022 secula.

551 4045 1036 4109 Benedicamus
1070 4057 1344 4128 patrem,
1375 4055 1443 4108 et
1473 4043 1680 4106 filium
1715 4064 1863 4106 cum
1900 4055 2134 4107 sancto
2166 4046 2399 4127 spiritu
2429 4070 2441 4108 :
2475 4046 2822 4108 laudemus

412 4143 481 4196 et
514 4134 1092 4215 superexaltemus
1124 4153 1273 4195 euru
1310 4134 1374 4194 in
1408 4130 1643 4194 secula.

516 4306 527 4337 ¹
571 4307 789 4357 Indictio
823 4306 888 4356 ad
928 4307 1115 4358 Christi
1158 4307 1355 4357 laudem
1401 4314 1604 4371 propter
1649 4304 1755 4354 eius
1797 4305 2068 4354 aduentum
2114 4304 2164 4354 in
2208 4321 2404 4355 carnem
2436 4317 2522 4356 :et
2566 4307 2630 4355 ad
2676 4307 2828 4372 ipsius

415 4373 743 4424 reuerentiam
767 4383 817 4423 et
840 4372 1089 4432 timorem,
1115 4381 1319 4438 propter
1340 4371 1446 4420 eius
1466 4370 1736 4420 aduentum
1759 4370 1824 4419 ad
1849 4369 2083 4419 iudicium
2104 4388 2120 4420 ε
2148 4378 2229 4433 pr.
2258 4370 2338 4419 61.
2367 4381 2462 4420 etc.

507 4437 531 4468 ²
563 4439 664 4489 Da.
693 4451 740 4502 3.
770 4438 827 4487 in
852 4454 920 4487 m.
948 4454 1102 4501 many
1120 4439 1225 4487 edd.
1297 4453 1390 4485 om.
1420 4434 1499 4499 38.
1722 4433 1745 4464 ²³
1775 4435 1973 4484 omnis:
2010 4446 2090 4497 39.
2117 4447 2197 4495 41.
2227 4434 2308 4485 60.
2335 4436 2415 4485 61.
2443 4436 2523 4499 63.
2550 4436 2631 4497 64.
2654 4436 2734 4486 66.

504 4503 526 4534 ⁴
558 4504 757 4570 fruges:
793 4503 874 4567 63.
1726 4498 1747 4528 ⁶
1779 4499 2015 4550 domino:
2052 4512 2130 4563 39.
2159 4513 2238 4561 41.
2310 4526 2313 4530 .
