3293 5225
664 426 763 490 380
1178 429 1399 477 COMM
1402 428 1458 478 U
1455 429 1560 477 NE
1598 429 2097 478 CONFESSORIS
2128 430 2286 479 PON
2284 429 2337 478 T
2328 430 2568 480 IFICIS.

794 580 1046 644 Aurem
1080 581 1438 664 benignam
1488 583 1788 664 protinus
1821 582 2112 664 Appone
2160 583 2398 646 nostris
2443 583 2736 660 vocibuS,
2766 583 3027 664 Trophea

661 687 847 730 sacra
879 669 1251 750 pangimuS,
1287 668 1567 750 Ignosce
1599 668 1779 751 quod
1812 668 2276 751 delinquimus,

793 754 898 818 Tu
930 757 1139 817 vincis
1188 756 1252 817 in
1303 757 1722 836 martyribuS,
1772 756 2113 819 Parcendo
2159 756 2689 820 confessoribus:
2735 757 2837 819 Tu
2877 758 3028 818 vince

661 851 886 904 nostra
916 843 1210 917 crimina,
1241 842 1557 906 donando
1589 842 2093 926 indulgentiam.

794 927 943 991 Deo
975 930 1141 1010 patri
1175 930 1259 992 sit
1289 929 1515 1008 gloria,
1543 927 1675 993 etc.¹

792 1015 1189 1097 Antszlzona.
1281 1016 1595 1079 Gaudent
1642 1018 1708 1079 in
1756 1016 1913 1080 celis
1958 1018 2181 1080 anime
2228 1027 2627 1094 sanctorum,
2674 1018 2788 1099 qui
2834 1016 3032 1081 Christi

661 1103 941 1183 vestigia
1003 1113 1156 1166 sunt
1208 1105 1432 1179 secuti,
1484 1113 1552 1166 et
1601 1104 1756 1186 quia
1808 1123 1928 1185 pro
1974 1106 2116 1166 eius
2163 1124 2389 1167 amore
2442 1106 2835 1186 sanguinem
2881 1123 3031 1165 suum

662 1188 975 1252 fuderunt
1006 1190 1156 1253 ideo
1187 1210 1339 1252 cum
1372 1191 1616 1253 christo
1648 1190 1956 1254 exultant
1988 1192 2129 1254 sine
2161 1190 2307 1255 fine.

793 1282 862 1352 ΙΙ
919 1276 1304 1339 Notandum
1364 1278 1541 1357 quod
1589 1277 1657 1339 si
1709 1277 1917 1340 simul
1967 1277 2370 1340 celebrantur
2421 1287 2687 1341 sanctus
2745 1287 2806 1341 et
2856 1286 3038 1340 sancta

663 1372 1000 1443 martyres,
1031 1363 1302 1446 officium
1316 1363 1413 1445 fit
1440 1364 1518 1426 de
1544 1365 1874 1427 communi
1885 1365 2329 1446 plurimorum
2362 1374 2750 1446 martyrum.

1320 1523 1671 1588 Commune
1696 1519 2069 1606 confessores
2083 1526 2427 1608 pontzficzk.

790 1641 859 1711 (I
932 1636 1056 1698 Ad
1121 1637 1535 1701 matutinum.
1667 1636 2157 1702 Inuitatorium.
2293 1639 2551 1720 Regem
2629 1639 3037 1702 confessorum

664 1722 1011 1786 dominum
1045 1725 1266 1786 venite
1296 1723 1665 1787 adoremus,

1698 1878 1782 1940 H
1763 1877 2054 1961 ymnus.2

678 1988 887 2117 IEsu
949 1989 1328 2071 redemptor
1387 1991 1730 2053 omnium:
1794 1991 2039 2074 Perpes
2097 2012 2341 2055 corona
2403 1991 2761 2074 presulum,
2820 1991 2890 2053 In
2946 1988 3039 2050 hac

776 2077 887 2139 die
920 2077 1348 2140 clementius:
1400 2077 1662 2140 Nostris
1695 2077 1917 2141 faueto
1950 2079 2269 2159 precibus,

796 2163 924 2226 Tui
987 2165 1151 2225 sacri
1228 2162 1386 2245 qua³
1447 2165 1737 2227 nominis
1814 2164 2169 2228 Confessor
2229 2167 2445 2228 almus
2505 2165 2783 2229 claruit:
2860 2163 3043 2227 Huius

663 2251 954 2313 celebrat
985 2251 1236 2313 annua⁴
1269 2251 1535 2314 Deuota
1566 2251 1755 2332 plebs
1786 2251 2101 2315 solennia.

797 2336 929 2418 Qui
964 2339 1084 2400 rite
1117 2337 1346 2401 mundi
1380 2338 1624 2419 gaudia
1662 2339 1883 2401 Huius
1928 2340 2179 2403 caduca
2213 2359 2527 2422 respuens
2556 2363 2570 2403 t
2621 2339 2795 2405 Cum
2828 2334 3043 2418 angelis

662 2424 1014 2487 celestibus
1048 2424 1253 2487 Letus
1285 2427 1533 2506 potitur
1564 2426 1850 2507 premijS.

798 2511 1018 2573 Huius
1050 2512 1377 2592 benignus
1407 2533 1644 2587 annue,
1695 2513 1906 2575 Nobis
1952 2514 2136 2594 sequi
2182 2514 2482 2596 vestigia,
2536 2513 2761 2578 Huius
2809 2519 3038 2596 precatu

659 2599 963 2662 seruulis,
1060 2598 1341 2662 Dimitte
1374 2621 1623 2663 noxam
1660 2601 1967 2664 criminis,

796 2685 898 2751 Sit
960 2686 1219 2750 Christe
1281 2708 1398 2750 rex
1448 2686 1747 2768 pijsime:
1827 2688 1978 2750 Tibi
2043 2690 2346 2770 patrique
2391 2688 2601 2770 gloria
2648 2710 2803 2752 cum
2849 2684 3042 2769 spiritu

664 2772 1014 2855 paracleto,
1110 2773 1197 2836 Et
1231 2793 1406 2835 nunc
1438 2784 1504 2836 et
1538 2775 1601 2836 in
1638 2785 2050 2857 perpetuum,
2084 2775 2324 2838 Amen.

793 2860 853 2921 A
864 2860 1189 2940 ntzplcona.
1284 2862 1459 2923 Ecce
1489 2861 1798 2924 sacerdos
1831 2882 2113 2943 magnus
2144 2864 2256 2944 qui
2291 2863 2355 2924 in
2388 2862 2621 2925 diebus
2653 2865 2791 2925 suis
2837 2856 3043 2945 placuit

664 2947 812 3024 de0,
843 2958 909 3009 et
942 2950 1251 3009 inuentus
1282 2958 1381 3009 est
1415 2949 1639 3012 iustus,

1150 3109 1370 3171 Tertia
1401 3110 1577 3172 lectio
1607 3131 1687 3173 ex
1713 3131 1999 3172 sermone
2026 3111 2239 3172 sancti
2264 3111 2324 3173 A
2338 3109 2615 3192 mbrosg‘j.

669 3220 877 3349 AD
941 3222 1150 3283 sancti
1212 3242 1289 3283 ac
1350 3221 1714 3284 beatissimi
1764 3223 1969 3303 patris
2031 3223 2235 3285 nostri
2308 3224 2388 3285 N.
2438 3224 2623 3285 cuius
2670 3223 2868 3286 hodie
2910 3219 3044 3281 festa

839 3307 1249 3370 celebramus
1294 3308 1521 3371 laudes
1567 3308 1904 3371 addidisse
1950 3309 2199 3390 aliquid
2247 3309 2649 3392 decerpsisse
2699 3321 2816 3373 est.
2902 3305 3040 3370 Cum

662 3394 987 3476 siquidem
1021 3397 1336 3457 virtutum
1370 3396 1512 3458 eius
1543 3398 1756 3477 gratia
1791 3417 1922 3458 non
1957 3397 2372 3460 sermonibus
2403 3398 2808 3478 exponenda
2840 3397 2931 3467 sit,
2952 3387 3041 3452 sed

663 3482 972 3563 operibus
1018 3481 1530 3564 comprobanda.
1624 3482 1795 3546 Cum
1839 3484 2015 3546 enim
2051 3483 2229 3545 dicat
2262 3484 2579 3565 scriptura
2611 3483 2840 3547 diuina
2869 3477 3043 3563 gloria

662 3570 867 3648 patris
911 3579 1011 3632 est
1059 3567 1230 3631 filius
1276 3570 1557 3651 sapiens,
1588 3580 1838 3650 quante
1884 3570 2080 3632 huius
2127 3580 2279 3633 sunt
2326 3569 2550 3651 gloria,
2581 3573 2695 3653 qui
2745 3580 3038 3634 tantorum

663 3655 946 3719 filiorum
982 3658 1306 3737 sapientia
1338 3665 1404 3718 et
1451 3656 1808 3719 deuotione
1841 3657 2130 3719 letatur?
2183 3657 2259 3720 In
2293 3658 2538 3720 christo
2568 3660 2748 3721 enim
2788 3658 2926 3720 Iesu
2954 3668 3047 3734 per

663 3743 1087 3824 euangelium
1142 3744 1280 3825 ipse
1329 3763 1449 3804 nos
1498 3745 1743 3823 genuit.
1856 3743 2192 3826 Quicquid
2244 3746 2444 3825 igitur
2493 3747 2557 3807 in
2609 3755 2839 3808 sancta
2887 3738 3043 3829 pleb⁶3²

659 3829 783 3893 hac
807 3840 1024 3912 potest
1047 3851 1190 3893 esse
1210 3831 1469 3892 virtutis
1494 3841 1561 3892 et
1584 3832 1813 3911 gratie,
1833 3830 1916 3893 de
1942 3830 2066 3893 hoc
2091 3833 2277 3913 quasi
2302 3831 2386 3895 de
2407 3831 2698 3913 quodam
2724 3830 3042 3921 lucissimo²

663 3916 846 3979 sonte
906 3918 1204 3980 omnium
1269 3915 1624 3979 riuulorum
1690 3918 1811 3981 hec
1859 3919 2110 3998 puritas
2155 3921 2510 3981 emanauit.
2605 3920 2871 3982 Etenim
2916 3928 3041 4008 quja

663 4004 986 4066 castitatis
1035 4004 1328 4086 pollebat
1372 4005 1617 4085 vigore,
1664 4006 1821 4085 quia
1866 4004 2267 4068 abstinentie
2299 4005 2706 4087 gloriabatur
2739 4000 3040 4095 angustiis,

659 4092 814 4172 quia
876 4090 1348 4153 blandimentis
1406 4101 1548 4153 erat
1608 4091 1905 4173 preditus
1965 4091 2269 4169 lenitatiS,
2328 4095 2626 4155 omnium
2705 4094 2936 4157 ciuium
2988 4101 3037 4145 11¹

660 4178 859 4240 deum
934 4179 1323 4259 prouocauit
1398 4176 1729 4241 affectum.
1850 4178 2028 4260 Quia
2102 4179 2434 4261 pontificis
2508 4176 3040 4243 administratione

663 4264 976 4347 fulgebat,
1036 4263 1281 4346 plures⁶
1343 4263 1683 4347 discipulis
1744 4264 2005 4347 reliquit
2066 4267 2165 4328 sui
2227 4266 2573 4347 sacerdotij
2655 4275 3036 4330 successores

758 4435 779 4533 Ξ
812 4445 868 4487 vt
888 4445 1043 4501 supra
1066 4439 1121 4486 de
1143 4438 1403 4501 apostolis:
1437 4451 1516 4501 39.
1546 4451 1624 4500 41.
1656 4439 1726 4533 [ρὲ
1758 4439 1907 4515 37551
1964 4503 1973 4514 ·
2129 4436 2151 4468 ²³
2182 4455 2275 4488 om.
2307 4452 2384 4501 41.
2584 4436 2609 4534 ἴ
2640 4440 2763 4504 qui:
2800 4437 2872 4502 38.

812 4520 1005 4553 annus:
1042 4516 1120 4565 43.
1758 4504 2093 4553 lucidissimo:
2129 4504 2209 4564 38.
2239 4515 2332 4554 etc.
2638 4521 2702 4555 e:
2739 4505 2846 4554 add.
2874 4512 2943 4564 39.
2961 4503 3032 4544 etc.
