3293 5225
459 453 558 500 240
1139 441 1432 489 OCTAVA
1469 441 1750 489 SANCT!
1781 441 2181 489 STEPHANI.
2646 441 2790 500 [IAN.
2822 453 2868 489 2.

455 593 898 657 circumcidere
940 595 1150 670 decet,
1182 594 1394 674 magis
1426 614 1626 676 quam
1660 594 2031 657 circuncidi.
2127 594 2259 657 Sed
2294 613 2586 676 agnosce
2621 593 2868 656 media-

457 693 668 744 torem
703 681 827 758 dei,
857 691 925 744 et
954 681 1302 744 hominum
1336 682 1447 763 qui
1479 681 1566 743 ab
1599 681 1746 763 ipso
1779 681 2145 744 natiuitatis
2170 702 2287 744 sue
2317 680 2597 744 exordio
2629 680 2872 743 diuinis

458 769 751 831 humana
813 769 1040 845 sociat,
1096 769 1230 830 ima
1290 769 1581 831 summis,
1707 769 2017 831 Nascitur
2076 789 2163 831 ex
2229 768 2539 831 muliere:
2602 768 2717 830 sed
2765 767 2868 829 cui

461 854 886 919 fecunditatis
933 855 1183 919 fructus
1228 856 1320 917 sic
1367 856 1659 931 accedat,
1691 866 1762 919 vt
1810 876 1941 918 non
1989 856 2257 918 decidat
2288 855 2410 917 flos
2456 855 2869 938 virginitatis,

462 944 705 1006 Pannis
738 943 1113 1019 inuoluitur,
1144 942 1259 1005 sed
1307 943 1509 1024 panni
1558 943 1683 1024 ipsi
1729 942 2045 1025 angelicis
2092 942 2401 1005 laudibus
2446 942 2868 1004 honorantur.

463 1029 922 1092 Absconditur
983 1031 1046 1092 in
1111 1030 1433 1111 presepi0‚
1479 1030 1595 1091 sed
1644 1029 1946 1111 proditur
2000 1030 2301 1093 radiante
2346 1029 2535 1091 stella
2583 1031 2665 1092 de
2712 1028 2873 1092 ce10.

459 1116 569 1181 Sic
645 1126 712 1179 et
786 1116 1172 1180 circuncisio
1233 1117 1577 1180 veritatem
1640 1126 1945 1199 suscepte
2020 1117 2257 1199 probat
2317 1116 2749 1179 humanitatis
2810 1126 2876 1178 et

460 1224 702 1267 nomen
750 1203 931 1286 quod
962 1214 1064 1267 est
1108 1224 1306 1284 super
1334 1224 1535 1266 omne
1581 1223 1826 1266 nomen
1871 1202 2150 1286 gloriam
2200 1204 2448 1266 indicat
2497 1203 2875 1266 maiestatis

460 1291 943 1356 Circunciditur
989 1301 1311 1372 tanquam
1373 1310 1566 1352 verus
1614 1290 1885 1353 Abrahe
1934 1290 2123 1358 filius,
2179 1291 2362 1353 Iesus
2411 1301 2684 1353 vocatur
2729 1302 2873 1352 tan-

459 1399 660 1461 quam
696 1377 865 1440 filius
903 1378 1046 1440 Dei.

1431 1541 1497 1611 (I
1529 1536 1588 1598 A
1599 1537 1652 1598 α’
1674 1536 1909 1599 laudes,

588 1648 982 1731 Antz‘plzona.
1063 1647 1366 1711 Mirabile
1400 1649 1788 1728 mysterium
1823 1648 2193 1711 declaratur
2223 1649 2435 1723 hodie,
2459 1649 2874 1712 inuocanturl

457 1747 707 1813 nature,
738 1735 902 1798 deus
932 1737 1138 1798 homo
1169 1735 1382 1799 factus
1411 1745 1531 1812 est,
1562 1735 1627 1797 id
1661 1736 1840 1818 quod
1877 1735 2000 1798 fuit
2023 1737 2402 1817 permansit,
2426 1745 2493 1799 et
2524 1737 2703 1817 quod
2740 1757 2868 1799 non

458 1834 600 1887 erat
630 1824 1008 1905 assumpsit,
1039 1843 1171 1885 non
1203 1822 1756 1885 commixtionem
1791 1843 2042 1905 passuS,
2075 1843 2196 1886 nec
2228 1823 2639 1886 diuisionem.

597 1960 839 2024 Oratio.
935 1959 1118 2022 Deus
1149 1959 1262 2041 qui
1295 1959 1545 2036 salutiS,
1577 1969 1651 2021 vt
1675 1969 1890 2039 supra.

1418 2089 1484 2159 ΙΙ
1516 2084 1640 2145 Ad
1662 2096 1969 2164 vesperas.

592 2211 916 2291 Hymnus.
983 2210 1269 2294 =Christe
1302 2209 1685 2290 redemptor
1713 2219 1787 2270 vt
1813 2220 2027 2289 supra.

587 2297 982 2379 Antiphona.
1099 2297 1423 2378 Magnum
1496 2295 1881 2358 hereditatis
1943 2297 2328 2378 mysterium
2391 2297 2715 2380 templum
2771 2297 2878 2361 dei

455 2385 669 2448 factus
699 2394 800 2448 est
833 2395 1057 2448 vterus
1101 2385 1400 2446 nesciens
1446 2383 1677 2458 virum,
1710 2403 1840 2445 non
1889 2393 1990 2445 est
2035 2384 2325 2465 pollutus
2355 2405 2444 2446 ex
2477 2384 2580 2447 ea‘2
2612 2404 2876 2448 carnem

458 2492 800 2536 assumens
827 2495 840 2532 :
887 2492 1120 2534 omnes
1150 2480 1384 2554 gentes
1414 2471 1684 2533 venient
1714 2469 2045 2533 dicentes:
2095 2470 2319 2534 Gloria
2351 2472 2472 2534 tibi
2505 2472 2791 2536 domine.

599 2635 841 2700 Oratio.
938 2635 1121 2697 Deus
1153 2634 1267 2716 qui
1299 2644 1374 2695 vt
1398 2644 1613 2713 supra.

592 2760 847 2823 Deinde
884 2770 1010 2841 pro
1052 2758 1640 2822 commemoratione
1697 2767 1912 2820 octaue
1974 2759 2210 2820 Sancti
2254 2758 2584 2840 Stephani.
2682 2761 2739 2821 A
2752 2761 2878 2822 nti-

447 2847 683 2928 plzona.
807 2846 1187 2928 Stephanus
1231 2854 1455 2908 autem
1507 2845 1742 2926 plenus
1787 2844 2000 2926 gratia
2047 2855 2114 2909 et
2163 2845 2547 2909 fortitudine
2595 2845 2878 2910 faciebat

466 2935 770 3017 prodigia
802 2943 870 2997 et
903 2935 1095 3015 signa
1128 2952 1374 3015 magna
1406 2933 1472 2994 in
1509 2931 1776 3013 popu10.

1561 3083 1803 3146 Oratio.

467 3212 1008 3342 OMnipotens
1037 3211 1438 3291 sempiterne
1471 3209 1635 3271 deus
1669 3209 1782 3290 qui
1817 3209 2141 3291 primitias
2175 3220 2539 3292 martyrum
2592 3214 2653 3273 in
2704 3212 2880 3275 beati

641 3300 839 3363 leuite
873 3298 1197 3380 Stephani
1245 3297 1567 3378 sanguine
1615 3296 1937 3358 dedicasti
1984 3296 2198 3360 tribue
2234 3318 2611 3380 quesumuS,
2641 3311 2711 3362 vt
2758 3320 2879 3381 pro

462 3387 654 3449 nobis
730 3388 1122 3449 intercessor
1195 3384 1460 3458 existat,
1522 3384 1634 3464 qui
1716 3403 1832 3464 pro
1892 3385 2026 3445 suis
2086 3386 2287 3446 etiam
2352 3386 2881 3468 persecutoribus

460 3475 766 3537 exorauit
831 3473 1195 3535 Dominum
1245 3480 1542 3534 nostrum
1603 3469 1823 3532 Iesum
1874 3469 2208 3533 Christum
2257 3471 2465 3534 filium
2515 3484 2721 3547 tuum,
2768 3474 2878 3554 qui

461 3570 681 3623 tecum
715 3569 835 3623 etc.

967 3714 1061 3775 Et
1093 3734 1216 3774 non
1230 3712 1327 3795 fit
1353 3712 1795 3773 comemoratio
1825 3712 1903 3773 de
1932 3713 2088 3794 alijs
2116 3714 2370 3776 octauis.

589 3840 672 3903 In
693 3848 916 3902 octaua
944 3837 1013 3900 S.
1039 3835 1408 3918 sthephani
1424 3834 1940 3912 ³lnuz'tat0n·um,
1957 3836 2200 3917 hymni,
2218 3836 2575 3918 antiphone,
2596 3849 2657 3899 ct
2686 3840 2877 3901 tertia

456 3929 633 3991 lectio
651 3927 962 3989 dicuntur
973 3925 1140 3987 sicut
1159 3925 1227 3986 in
1248 3924 1353 3985 die
1369 3923 1454 3985 4S
1456 3923 1636 3985 ancti
1653 3923 1707 3985 S
1711 3923 2015 4003 aphani*
2093 3923 2335 3987 Oratio,
2414 3924 2619 3989 Omni
2626 3936 2878 4007 potenS,

458 4026 532 4077 vt
600 4026 818 4095 supra,
877 4022 938 4073 et
994 4022 1090 4073 est
1161 4011 1446 4072 notanda
1454 4031 1516 4071 m
1577 4009 1753 4090 quod
1805 4011 1875 4071 in
1949 4011 2253 4073 laudibus
2300 4021 2452 4091 post
2507 4013 2873 4093 predictam

457 4103 808 4164 orationem
839 4099 1149 4161 dicuntur
1173 4098 1369 4160 etiam
1401 4097 1718 4159 orationes
1753 4098 1987 4159 Sancti
2011 4098 2297 4173 loannis,
2327 4109 2391 4160 et
2418 4097 2873 4162 Innocentium.

478 4189 740 4271 Vespere
782 4187 1093 4249 dicuntur
1138 4185 1216 4248 de
1263 4184 1500 4247 Sancto
1549 4182 1604 4245 S
1608 4182 1875 4263 tephano
1904 4194 1969 4245 et
1994 4194 2147 4265 post
2187 4186 2326 4247 eius
2368 4186 2718 4247 orationem
2751 4198 2878 4267 pro

457 4274 1044 4340 commemoratione
1060 4283 1274 4336 octaue
1307 4271 1542 4335 Sancti
1567 4269 1841 4333 Ioannis
1863 4270 2108 4333 dicitur
2136 4271 2533 4353 antiphona.
2618 4274 2642 4335 Ι
2651 4284 2751 4336 ste
2777 4284 2876 4336 est

555 4436 570 4466 ¹
609 4437 943 4486 innouantur:
981 4446 1058 4497 39.
1080 4443 1173 4483 etc.
1766 4430 1789 4460 ‘²
1821 4448 1914 4481 eo:
1952 4432 2029 4495 63.

552 4502 574 4531 ³
616 4504 666 4551 T
657 4503 767 4549 hm.
797 4501 877 4550 die
902 4512 946 4549 2.
979 4501 1035 4548 in
1060 4517 1124 4548 m.
1768 4496 1874 4533 ⁴—4
1908 4515 2000 4548 om.
2032 4511 2108 4561 39.
2140 4513 2217 4559 41.
