3293 5225
707 488 959 539 INDEX
1007 489 1290 543 LIBROR
1299 489 1415 546 ΠΜ
1472 490 1528 542 U
1527 490 1578 539 T
1572 490 1661 539 RI
1662 490 1751 545 US
1754 490 1798 552 Q
1806 490 1907 543 UE
1968 489 2477 539 TESTAMENTI.
2748 490 2800 540 lv

565 640 815 709 Esther
852 700 855 701 γ
1010 700 1017 709 .

566 727 695 792 Iob
950 758 953 759 ⁷

1432 911 1475 958 F
1474 910 1539 959 ol.

374 971 575 1037 [Caput
597 973 945 1024 duodecimum
1368 1003 1375 1007 ·
1405 974 1545 1039 [157]

372 1038 573 1103 [Caput
594 1039 843 1089 decimum
868 1040 1064 1090 tertium
1403 1039 1543 1103 [158]

376 1103 552 1169 Caput
574 1104 823 1154 decimum
844 1113 1074 1170 quartum
1403 1106 1543 1169 [159]

374 1169 552 1234 Caput
574 1170 824 1232 decimum
845 1172 1072 1236 quintum
1401 1172 1542 1234 [159]

372 1234 551 1299 Caput
574 1234 823 1285 decimum
844 1245 1037 1286 sextum
1060 1245 1110 1287 et
1134 1236 1361 1286 vltimum
1401 1235 1543 1297 [161]

446 1337 494 1386 (1
529 1325 621 1374 Ex
639 1327 851 1375 secunda
870 1328 989 1379 diui
1008 1327 1171 1377 Paula·
1187 1328 1389 1392 epistola
1411 1328 1485 1375 ad

398 1394 401 1397 ’
813 1392 1109 1441 Corinthios.

370 1454 548 1520 Caput
572 1456 787 1520 primum
1399 1454 1539 1518 [198]

373 1520 549 1586 Caput
572 1522 843 1571 secundum
1399 1523 1540 1584 [199]

372 1584 549 1651 Caput
571 1587 770 1636 tertium
1397 1588 1538 1649 [199]

369 1651 549 1715 Caput
570 1661 799 1718 quartum
1397 1653 1538 1714 [199]

369 1717 546 1781 Caput
568 1717 797 1782 quintum
1396 1718 1537 1778 [200]

369 1780 547 1845 Caput
568 1791 762 1833 sextum
1396 1784 1539 1843 [200]

368 1846 545 1910 Caput
566 1847 832 1912 septimum
1397 1849 1538 1909 [200]

369 1910 545 1977 Caput
567 1923 798 1962 octauum
1396 1914 1537 1974 [200]

370 1976 546 2042 Caput
569 1994 753 2028 nonum
1396 1979 1537 2039 [201]

369 2041 545 2106 Caput
567 2042 814 2093 decimum
1397 2045 1537 2105 [201]

370 2107 547 2171 Caput
568 2108 884 2159 vndecimum
1397 2110 1537 2170 [202]

370 2172 547 2237 Caput
567 2172 916 2224 duodecimum
1396 2174 1537 2235 [202]

371 2238 546 2302 Caput
568 2238 814 2288 decimum
839 2239 1035 2289 tertium
1060 2248 1110 2289 et
1133 2239 1362 2289 Vltimum
1397 2240 1537 2301 [202]

416 2345 461 2393 11
498 2333 588 2380 Ex
609 2333 728 2381 dim·
746 2334 907 2382 Pauli
924 2334 1129 2399 epistola
1152 2334 1224 2381 ad
1244 2332 1498 2382 Galathas.

374 2411 545 2475 Caput
569 2410 782 2476 primum
1430 2410 1538 2474 [65]

375 2476 547 2540 Caput
570 2476 839 2526 secundum
1430 2476 1538 2538 [67]

377 2541 549 2605 Caput
572 2542 771 2591 tertium
1430 2541 1538 2603 [67]

376 2607 549 2672 Caput
571 2616 799 2673 quartum
1430 2606 1538 2669 [67]

377 2673 549 2737 Caput
571 2673 796 2738 quintum
1431 2673 1539 2734 [68]

378 2738 549 2804 Caput
572 2749 762 2788 sextum
786 2749 835 2788 et
861 2738 1084 2788 vltimum
1432 2737 1539 2800 [68]

413 2841 458 2889 π
494 2829 584 2876 Ex
604 2830 720 2877 diui
737 2829 902 2877 Paule·
920 2829 1147 2893 Epislola
1170 2829 1245 2876 ad
1259 2828 1513 2892 Ephesios.

377 2906 546 2971 Caput
569 2907 782 2971 primum
1433 2904 1540 2966 [68]

381 2973 549 3036 Caput
573 2972 841 3020 secundum
1434 2971 1541 3033 [69]

380 3037 550 3101 Caput
575 3037 771 3085 tertium
1431 3037 1540 3098 [70]

378 3102 549 3166 Caput
573 3111 800 3165 quartum
1431 3103 1539 3163 [70]

376 3167 547 3231 Caput
569 3167 794 3231 quintum
1431 3168 1538 3228 [70]

377 3232 549 3297 Caput
569 3241 760 3282 sextum
783 3242 833 3283 et
856 3233 1081 3283 vltimum
1432 3234 1539 3295 [70]

570 3352 612 3400 (Ι
646 3340 736 3387 Ex
756 3340 875 3388 dim·
895 3341 1053 3388 Paule·
1069 3339 1273 3403 epistola
1295 3341 1367 3388 ad

784 3405 1139 3469 Philippenses.

377 3471 549 3534 Caput
574 3469 787 3533 primum
1396 3471 1537 3531 [222]

376 3535 545 3599 Caput
570 3534 838 3584 secundum
1396 3537 1537 3597 [222]

373 3600 543 3665 Caput
568 3601 765 3649 tertium
1396 3602 1536 3663 [222]

374 3665 546 3731 Caput
569 3673 798 3729 quartum
822 3673 871 3714 et
894 3665 1121 3715 vltimum
1396 3667 1537 3727 [222]

374 3786 419 3834 11
456 3773 550 3821 Ex
570 3772 690 3820 diui
708 3774 870 3820 Pauli
886 3773 1086 3836 φιλ-τοία
1120 3774 1192 3822 ad
1223 3774 1529 3823 Colossenses.

371 3851 543 3916 Caput
569 3850 783 3915 primum
1394 3852 1535 3915 [230]

368 3919 543 3981 Caput
567 3917 838 3965 secundum
1393 3917 1534 3980 [231]

364 3983 540 4047 Caput
566 3982 765 4030 tertium
1395 3984 1535 4045 [231]

363 4048 540 4112 Caput
564 4055 795 4111 quartum
819 4056 869 4096 et
894 4047 1118 4096 Vltimum
1395 4049 1536 4111 [231]

436 4155 483 4203 Q
519 4142 612 4190 Ex
632 4142 752 4189 diui
774 4141 935 4189 Pauli
950 4143 1152 4205 epistola
1174 4143 1246 4190 ad
1270 4143 1321 4190 Τ
1312 4143 1468 4192 hessa-

727 4207 989 4255 loniccnses
1000 4208 1191 4270 prima.

359 4273 537 4338 Caput
565 4273 783 4337 primum
1430 4274 1536 4335 [71]

357 4340 535 4404 caput
561 4337 839 4386 secundum
1430 4339 1537 4400 [72]

356 4405 536 4470 Caput
562 4404 769 4453 tertium
1431 4405 1539 4465 [72]

353 4472 534 4536 Caput
560 4477 797 4534 quartum
1402 4527 1408 4532 ἢ
1431 4470 1539 4530 [72]

351 4538 535 4602 Caput
560 4535 795 4600 quintum
822 4543 872 4582 et
896 4533 1121 4583 vltimum
1432 4535 1540 4597 [72]

2076 642 2185 707 sol.
2213 656 2338 723 425
2435 639 2620 813 [237]

2078 729 2186 795 sol.
2215 732 2345 809 428
2465 727 2621 815 238]

1707 921 1752 969 11
1786 908 1875 957 Ex
1897 909 2015 957 dim·
2034 910 2194 958 Pauli
2211 910 2412 973 epistola
2434 911 2508 958 ad
2530 910 2581 957 Τ
2571 908 2731 959 hcssa·

1663 1008 1664 1011 κ
1967 975 2230 1023 lonicenscs
2250 976 2477 1026 secunda.
2531 1038 2536 1043 ι

1639 1103 1805 1169 Caput
1830 1103 2042 1169 primum
2682 1040 2797 1166 Ι[7021]

1638 1169 1805 1234 Caput
1828 1169 2098 1219 secundum
2688 1171 2797 1233 [73]

1640 1234 1807 1298 Caput
1831 1234 2029 1284 tertium
2052 1244 2101 1284 et
2124 1235 2351 1285 Vltimum
2689 1236 2798 1298 [73]

1638 1362 1684 1410 π
1706 1349 1796 1398 Ex
1818 1349 1936 1397 dim·
1953 1350 2115 1398 Pauli
2132 1349 2331 1425 epsstola
2353 1350 2425 1399 ad
2449 1350 2499 1399 T
2491 1349 2797 1400 hinzothcum

1639 1452 1804 1556 Capu't
1829 1493 2045 1557 primum
2121 1423 2310 1479 mma·
2688 1493 2797 1556 [73]

1640 1557 1806 1621 Caput
1829 1557 2098 1607 secundum
2690 1559 2798 1619 [74]

1638 1621 1807 1687 Caput
1831 1623 2028 1672 tertium
2688 1625 2798 1687 [75]

1639 1686 1805 1752 Caput
1827 1696 2057 1753 quartum
2690 1688 2798 1752 [75]

1639 1753 1806 1817 Caput
1829 1754 2057 1818 quintum
2690 1754 2798 1817 [75]

1637 1819 1806 1882 Caput
1827 1828 2020 1869 sextum
2044 1827 2095 1867 et
2118 1817 2343 1868 vltimum
2689 1820 2797 1883 [75]

1636 1931 1681 1981 (1
1703 1919 1795 1968 Ex
1815 1919 1933 1968 dim'
1954 1920 2114 1968 Pauli
2131 1921 2333 1983 epistola
2355 1921 2426 1969 ad
2451 1920 2502 1969 T
2493 1920 2796 1970 thimotheum

1637 2062 1803 2126 Caput
1827 2062 2041 2127 primum
2107 1986 2335 2034 secunda·
2654 2062 2796 2126 [232]

1635 2126 1803 2192 Caput
1824 2127 2096 2177 secundum
2656 2129 2798 2192 [233]

1636 2193 1801 2256 Caput
1824 2193 2023 2242 tertium
2655 2194 2797 2257 [233]

1637 2258 1802 2322 Caput
1824 2266 2055 2323 quartum
2078 2264 2128 2307 et
2151 2257 2379 2307 vltimum
2656 2259 2797 2322 [233]

1708 2397 1753 2445 11
1786 2385 1876 2433 Ex
1896 2385 2015 2433 diui
2035 2384 2196 2433 Pauli
2214 2386 2287 2434 ad
2309 2386 2485 2434 Titum
2507 2386 2726 2450 epistola.

1638 2447 1803 2513 Caput
1826 2451 2039 2514 primum
2655 2450 2798 2515 [233]

1636 2514 1804 2578 Caput
1827 2515 2099 2565 seeundum
2658 2517 2799 2579 [234]

1639 2580 1804 2646 Caput
1827 2580 2025 2631 tertium
2048 2589 2098 2630 et
2122 2580 2349 2631 vltimum
2656 2582 2797 2646 [234]

1704 2708 1749 2756 {1
1783 2695 1862 2745 Ex
1884 2696 1989 2745 diui
2015 2697 2156 2746 Pauli
2179 2696 2245 2746 ad
2270 2695 2629 2747 Philemonem.

1684 2785 1729 2833 {1
1762 2773 1852 2822 Ex
1873 2775 1992 2823 diui
2012 2775 2174 2823 Pauli
2191 2776 2265 2823 ad
2278 2774 2498 2825 Hebreos
2519 2774 2747 2841 epistola.

1641 2861 1808 2927 Caput
1831 2863 2042 2928 primum
2659 2865 2801 2925 [216]

1640 2927 1805 2992 Caput
1829 2929 2097 2978 secundum
2657 2931 2799 2992 [217]

1639 2991 1805 3057 Caput
1830 2994 2026 3043 tertium
2656 2997 2797 3057 [217]

1639 3058 1805 3121 Caput
1826 3068 2054 3123 quartum
2655 3062 2735 3121 [21
2745 3063 2798 3122 7]

1639 3123 1804 3188 Caput
1826 3124 2052 3188 quintum
2656 3126 2797 3187 [217]

1638 3188 1804 3252 Caput
1827 3197 2017 3238 sextum
2655 3192 2735 3252 [21
2745 3190 2797 3252 8]

1636 3253 1804 3317 Caput
1828 3254 2091 3318 septimum
2654 3257 2797 3317 [218]

1636 3319 1802 3382 Caput
1825 3328 2054 3368 octauum
2654 3320 2795 3382 [218]

1637 3384 1801 3448 Caput
1826 3400 2011 3433 nonum
2654 3387 2796 3449 [219]

1637 3450 1803 3512 Caput
1826 3449 2072 3499 decimum
2655 3452 2796 3512 [219]

1637 3515 1802 3577 Caput
1825 3514 2139 3564 vndecimum
2652 3518 2794 3577 [220]

1636 3580 1802 3643 Caput
1825 3579 2173 3630 duodecimum
2652 3581 2792 3642 [220]

1634 3645 1800 3708 Caput
1823 3644 2070 3694 decimum
2097 3645 2293 3695 tertium
2316 3655 2366 3696 et
2390 3646 2617 3696 vltimum
2652 3647 2795 3708 [220]

1833 3760 1875 3808 (Ι
1912 3747 2001 3795 Ex
2020 3748 2224 3810 epistola
2247 3748 2390 3798 Diui
2409 3749 2586 3798 Iacobi.

1633 3836 1799 3901 Caput
1823 3836 2035 3900 primum
2649 3837 2793 3900 [110]

1633 3901 1798 3965 Caput
1821 3902 2090 3951 secundum
2649 3904 2697 3963 [1
2713 3917 2730 3952 1
2746 3907 2793 3966 1]

1633 3967 1798 4030 Caput
1824 3968 2020 4016 tertium
2649 3970 2696 4028 [1
2712 3983 2729 4018 1
2740 3972 2792 4032 3]

1633 4032 1799 4096 Caput
1821 4041 2051 4095 quartum
2650 4036 2698 4094 [1
2713 4036 2795 4096 14]

1632 4097 1798 4160 Caput
1820 4097 2045 4161 quintum
2070 4105 2120 4146 et
2143 4097 2370 4149 vltimum
2649 4100 2698 4159 [1
2713 4113 2731 4148 1
2743 4103 2796 4164 5]

1747 4211 1791 4261 (1
1825 4199 1915 4249 Ex
1925 4201 2103 4263 prima
2127 4201 2270 4249 Diui
2291 4202 2437 4251 Pom·
2454 4201 2671 4265 epislola.

1636 4276 1802 4341 Caput
1827 4278 2039 4341 primum
2654 4280 2797 4343 [234]

1636 4342 1803 4407 Caput
1826 4343 2095 4392 secundum
2654 4345 2796 4407 [235]

1637 4407 1804 4472 Caput
1829 4409 2026 4457 tertium
2656 4409 2798 4472 [236]

1638 4472 1805 4536 Caput
1828 4483 2057 4538 quartum
2657 4475 2799 4538 [236]

1641 4538 1805 4602 Caput
1829 4539 2055 4603 quintum
2080 4547 2129 4588 et
2154 4539 2379 4588 vltimum
2659 4540 2800 4604 [236]
