3293 5225
530 471 624 523 186
1046 477 1305 528 INDEX
1333 477 1903 529 DOMINICARUM
1940 477 2408 529 VAGANTIUM.

521 631 676 694 dam
707 653 838 713 qua
850 630 1078 712 finita,
1104 641 1415 694 reuertere
1431 631 1528 693 ad
1543 631 1934 694 dominicam
1968 631 2098 713 xij.
2114 641 2269 713 post
2283 640 2693 713 pentecosten.
2765 627 2933 691 Item

525 718 630 781 die
681 719 781 783 .ix.
836 718 1245 801 Septembris,
1285 718 1610 800 interpone
1648 715 2062 781 dominicam¹
2100 728 2404 799 quartam
2451 716 2836 799 vagantium
2877 724 2944 779 et

506 804 716 887 finita
738 806 877 868 eius
892 805 1304 879 hebdomada,
1332 815 1644 868 reuertere
1659 805 1756 867 ad
1770 805 2158 867 dominicam
2178 804 2360 887 xiiij.
2369 814 2523 888 post
2527 813 2941 885 pentecosten.

667 907 846 973 1544.
894 891 1038 955 Hoc
1075 913 1246 956 anno
1291 892 1362 955 in
1407 892 1513 955 die
1553 892 1981 974 apostolorum
2025 891 2223 954 Petri
2258 901 2321 954 et
2361 892 2586 967 Pauli,
2615 891 2943 972 interpone

526 980 914 1043 dominicam
948 980 1087 1061 ,iizj
1119 978 1525 1062 vagantium,
1555 979 1783 1041 deinde
1820 1000 2010 1041 suam
2053 977 2516 1042 hebdomadam
2554 999 2685 1061 qua
2711 976 2937 1059 finita,

528 1077 839 1129 reuertere
865 1066 963 1128 ad
982 1067 1370 1129 dominicam
1401 1076 1707 1148 quartam
1724 1076 1879 1148 post
1888 1075 2299 1149 pentecosten.

667 1167 784 1233 154
794 1167 847 1233 5.
893 1153 1039 1216 Hoc
1078 1175 1263 1227 anno,
1311 1153 1416 1215 die
1461 1153 1705 1236 xxviij.
1757 1152 1804 1215 I
1798 1153 1960 1235 umj,
2012 1153 2337 1234 interpone
2385 1152 2776 1215 dominicam
2827 1151 2939 1233 dij.

525 1241 912 1322 vagantium
943 1249 1007 1302 et
1034 1239 1243 1322 finita
1293 1240 1432 1302 eius
1476 1239 1872 1303 hebdomada
1922 1250 2234 1302 reuertere
2281 1239 2378 1302 ad
2420 1239 2811 1302 dominicam
2862 1259 2938 1303 .v.

511 1338 665 1409 post
690 1337 1103 1410 pentecosten.
1191 1326 1358 1390 Item
1406 1327 1475 1389 in
1529 1327 1634 1389 die
1674 1327 1907 1410 prima
1969 1325 2373 1400 Nouembris,
2427 1326 2753 1408 interpone
2799 1326 2940 1407 diij.

524 1415 911 1496 vagantium
943 1425 1006 1476 et
1030 1424 1473 1495 consequenter
1495 1435 1686 1476 suam
1715 1413 2195 1490 hebdomadam,
2226 1413 2455 1475 deinde
2499 1423 2811 1475 reuertere
2851 1413 2950 1475 ad

524 1502 913 1564 dominicam
960 1502 1131 1583 xxij.
1147 1512 1301 1583 post
1311 1510 1725 1583 pentecosten.

668 1590 846 1668 1546.
893 1588 1038 1651 Hoc
1063 1609 1235 1651 anno
1265 1588 1449 1650 nulla
1461 1587 1558 1669 fit
1584 1588 1996 1670 interpositio,
2015 1588 2134 1649 sed
2140 1586 2367 1669 finitis
2384 1587 2582 1669 xm'ij.
2602 1587 2944 1650 dominicis

511 1686 666 1758 post
693 1685 1088 1758 pentecosten
1139 1696 1283 1737 cum
1337 1676 1478 1737 suis
1527 1674 1940 1737 hebdomadis
1989 1675 2216 1738 statim
2281 1675 2579 1755 sequitur
2621 1675 2945 1736 aduentus

526 1762 684 1843 quia
713 1763 1037 1825 dominica
1081 1762 1308 1845 xxiiij.
1324 1772 1476 1844 post
1509 1771 1904 1845 pentecosten
1955 1783 2076 1843 que
2121 1771 2216 1823 est
2264 1762 2496 1842 quinta
2535 1761 2942 1842 vagantium,

526 1849 682 1912 lecta
694 1850 849 1929 fuit
874 1859 1025 1912 ante
1051 1849 1604 1931 septuagesimam.

667 1951 846 2016 1547.
893 1936 1036 1999 Hoc
1073 1957 1245 1998 anno
1289 1936 1393 1998 die
1434 1937 1624 2000 xxvi.
1655 1934 1848 2018 Iunij
1868 1935 2192 2018 interpone
2218 1935 2605 1998 dominicam
2635 1944 2942 2017 quartam

527 2024 913 2105 vagantium
987 2033 1051 2085 et
1102 2022 1312 2105 finita
1370 2023 1510 2085 eius
1565 2022 1977 2098 hebdomada,
2038 2032 2350 2086 reuertere
2404 2022 2503 2086 ad
2551 2023 2940 2085 dominicam

521 2120 827 2192 quartam
844 2119 998 2192 post
1007 2119 1422 2192 pentecosten.

670 2199 850 2276 1548.
896 2197 1043 2260 Hoc
1066 2218 1237 2259 anno
1268 2197 1339 2258 in
1370 2197 1475 2259 die
1503 2196 1720 2258 sancti
1741 2194 1788 2257 I
1782 2195 2036 2259 oannis2
2067 2197 2392 2279 interpone
2420 2196 2807 2258 dominicam
2855 2197 2941 2279 .ij.

530 2284 916 2365 vagantium
940 2285 1095 2365 quia
1130 2284 1440 2364 repetitur
1455 2283 1764 2365 quamuis
1773 2284 1997 2363 fuerit
2023 2284 2180 2346 lecta
2208 2293 2360 2346 ante
2385 2283 2941 2365 septuagesimam,

528 2381 592 2433 et
600 2370 811 2452 finita
839 2371 978 2433 eius
1007 2369 1402 2433 hebdomada
1427 2380 1740 2432 reuertere
1759 2371 1857 2431 ad
1864 2370 2254 2432 dominicam
2281 2391 2355 2434 .v.
2361 2380 2513 2452 post
2525 2380 2939 2451 pentecosten.

528 2457 695 2520 Item
744 2458 849 2520 die
900 2457 1029 2540 xij.
1081 2457 1392 2538 Augusti,
1423 2457 1750 2538 interpone
1780 2457 2040 2519 tertiam
2072 2457 2458 2539 vagantium
2488 2467 2552 2519 et
2561 2455 2770 2538 finita
2799 2457 2940 2520 eius

527 2543 921 2607 hebdomada
957 2555 1339 2627 prosequere
1383 2544 1608 2606 statim
1660 2543 1765 2606 die
1813 2544 1960 2608 xix.
2012 2544 2292 2607 eiusdem
2346 2544 2585 2606 mensis
2633 2554 2940 2627 quartam

526 2632 913 2713 vagantium
944 2642 1008 2694 et
1033 2642 1478 2713 consequenter
1499 2653 1690 2694 suam
1721 2631 2182 2695 hebdomadam
2206 2653 2337 2714 qua
2370 2631 2585 2714 finita
2631 2642 2943 2695 reuertere

524 2720 622 2783 ad
642 2719 1030 2783 dominicam
1075 2720 1478 2782 vndecimam
1495 2729 1650 2802 post
1660 2728 2072 2800 pentecosten.

668 2820 848 2887 1549.
897 2806 1039 2870 Hoc
1083 2827 1256 2869 anno
1302 2826 1517 2868 omnes
1566 2806 1817 2888 viginti
1859 2816 2142 2887 quatuor
2188 2805 2498 2869 dominice
2541 2815 2695 2886 post
2725 2816 2943 2888 pente·

525 2903 728 2956 costen
758 2893 1014 2976 legende
1040 2903 1198 2956 sunt
1210 2905 1339 2977 per
1363 2892 1653 2956 ordinem
1684 2914 1882 2973 vsque
1909 2893 2006 2955 ad
2025 2893 2396 2969 aduentum,
2415 2893 2556 2955 sine
2578 2892 2712 2956 vlla
2742 2893 2943 2956 inter·

526 3001 841 3044 missione.

669 3081 847 3147 1550.
893 3066 1038 3130 Hoc
1062 3089 1234 3130 anno
1264 3067 1335 3130 in
1366 3066 1470 3129 die
1497 3066 1925 3148 apostolorum
1970 3066 2169 3129 Petri
2208 3077 2271 3129 et
2317 3066 2542 3143 Pauli,
2592 3067 2941 3149 interpone⁸

530 3154 789 3217 tertiam
822 3155 1207 3236 vagantium
1236 3164 1302 3216 et
1311 3153 1521 3236 finita
1543 3153 1684 3215 eius
1699 3153 2095 3216 hebdomada
2117 3163 2428 3216 reuertere
2443 3153 2541 3216 ad
2551 3154 2940 3217 dominicam

529 3263 603 3306 .v.
649 3251 803 3322 post
842 3251 1254 3324 pentecosten.
1343 3240 1507 3303 Item
1583 3241 1655 3302 in
1729 3240 1834 3302 die
1902 3241 2118 3303 sancti
2182 3240 2543 3322 Laurenttj,
2620 3240 2945 3323 interpone

527 3338 832 3411 quartam
892 3328 1278 3409 vagantium
1337 3337 1400 3390 et
1454 3338 1900 3408 consequenter
1949 3348 2139 3390 suam
2199 3326 2662 3390 hebdomadam
2715 3328 2946 3391 deinde

528 3424 839 3477 reuertere
865 3414 963 3477 ad
983 3415 1369 3478 dominicam
1400 3414 1712 3477 decimam
1729 3424 1883 3496 post
1894 3424 2305 3495 pentecosten.

669 3516 848 3582 1551.
893 3502 1040 3566 Hoc
1092 3522 1263 3564 anno
1321 3501 1426 3563 die
1482 3501 1726 3583 xxviij.
1786 3500 1979 3583 Iunis
2027 3502 2352 3583 interpone
2408 3501 2796 3565 dominicam
2857 3522 2944 3584 ay.

531 3589 933 3670 vagantium,
966 3598 1030 3651 et
1037 3588 1249 3671 finita
1278 3589 1417 3650 eius
1443 3587 1857 3664 hebdomada,
1904 3599 2216 3651 reuertere
2263 3588 2360 3651 ad
2400 3589 2789 3652 dominicam
2837 3588 2942 3655 .vi.

516 3685 671 3756 post
682 3686 1093 3757 pentecosten.
1183 3675 1348 3738 Item
1380 3673 1485 3736 die
1513 3675 1660 3739 xvi.
1693 3674 1991 3756 Augusti
2015 3676 2341 3757 interpone
2391 3676 2650 3738 tertiam
2697 3696 2941 3757 vagan-

532 3762 697 3824 tium
728 3772 790 3824 et
800 3762 1010 3844 finita
1038 3762 1177 3826 eius
1218 3762 1630 3838 hebdomada,
1687 3773 1998 3825 reuertere
2045 3762 2142 3825 ad
2182 3763 2571 3825 dominicam
2623 3763 2752 3845 xij
2791 3771 2946 3846 post

516 3859 928 3932 pentecosten.
1061 3848 1226 3913 Item
1292 3849 1398 3912 die
1454 3848 1687 3931 prima
1763 3849 2169 3923 Nouembris,
2242 3850 2566 3931 interpone
2635 3860 2942 3931 quartam

530 3936 917 4018 vagantium
949 3947 1012 3999 et
1021 3935 1231 4018 finita
1259 3936 1398 3999 eius
1425 3933 1822 3999 hebdomada
1853 3946 2164 3999 reuertere
2190 3935 2289 3999 ad
2328 3936 2716 3999 dominicam
2768 3936 2942 4019 ,xxij

513 4034 666 4106 post
677 4033 1088 4104 pentecosten.

671 4124 851 4190 1552.
896 4110 1043 4174 Hoc
1095 4131 1266 4173 anno
1324 4130 1539 4173 omnes
1595 4109 1845 4192 viginti
1890 4120 2173 4192 quatuor
2218 4110 2531 4174 dominice
2557 4120 2711 4193 post
2724 4120 2945 4192 pente·

529 4207 750 4272 costen,
807 4198 1119 4280 leguntur
1154 4210 1287 4281 per
1337 4199 1646 4274 ordinem,
1703 4197 1844 4260 sine
1902 4198 2374 4261 intermissione
2430 4219 2628 4280 vsque
2683 4198 2781 4260 ad
2828 4199 2945 4261 ad-

526 4293 807 4350 uentum.

627 4483 643 4515 ¹
678 4502 771 4536 om.
801 4499 879 4550 39.
907 4500 987 4548 41.
1832 4484 1856 4517 ²
1889 4488 2134 4552 baptiste:
2170 4489 2279 4538 add.
2310 4500 2388 4551 39.
2418 4502 2497 4550 41.
2526 4501 2606 4553 43.
2634 4504 2714 4552 44.

625 4550 647 4581 ³
678 4550 1016 4603 dominicam:
1052 4555 1163 4605 add.
1192 4564 1269 4617 39.
1299 4567 1378 4614 41.
