3293 5225
645 422 742 485 336
1112 424 1403 474 DEDICA
1418 425 1540 474 Tlo
1574 424 2006 474 MJCHAELJS
2033 426 2551 476 ARCHANGELJ.
2774 426 2972 487 [sam.
3013 440 3077 488 ,ᾳ

1742 629 1986 694 Oratio,

666 740 958 869 DEuS,
1020 742 1133 822 qui
1197 743 1364 805 miro
1412 743 1645 805 ordine
1700 741 2090 823 angelorum
2146 743 2526 816 ministeria,
2585 743 3085 826 hominumque

843 828 1221 910 dispensas:
1267 827 1559 892 concede
1592 830 1955 911 propitius:
2002 840 2074 892 vt
2105 830 2345 910 quibus
2377 831 2496 892 tibi
2533 833 3086 894 ministrantibus

652 913 716 976 in
751 915 894 977 celo
927 935 1187 998 semper
1218 917 1577 979 assistitur:
1625 915 1712 978 ab
1766 915 1866 977 his
1918 918 1982 979 in
2039 926 2211 979 terra
2260 919 2398 979 vita
2449 928 2677 981 nostra
2731 921 3086 983 muniatur

653 1021 784 1083 per.

1258 1146 1325 1216 (Ι
1372 1141 1494 1203 Ad
1519 1141 1919 1204 matutinum
1953 1141 2455 1207 z'nuz‘tatom‘um.¹

782 1255 1035 1336 Regem
1072 1253 1621 1336 archangelorum
1656 1255 2004 1317 dominum
2037 1256 2261 1317 venite
2291 1257 2666 1319 adoremus.

1694 1390 2021 1472 Hymnus,

655 1494 1012 1626 CHriste
1043 1505 1420 1557 sanctorum
1478 1493 1683 1556 decus
1736 1495 2127 1577 angelorum
2185 1495 2431 1558 Rector
2482 1495 2762 1558 humani
2818 1501 3089 1577 generis

823 1593 890 1645 et
921 1592 1150 1644 auctor
1185 1581 1398 1643 Nobis
1427 1592 1730 1644 eternum
1764 1582 1979 1644 tribue
2011 1583 2341 1662 benignus
2376 1581 2714 1646 Scandere
2748 1583 3009 1648 celum.

782 1669 1122 1751 Angelum
1188 1670 1371 1750 pacis
1435 1667 1721 1731 Michael
1771 1670 1855 1730 ad
1913 1671 2109 1732 istam
2162 1669 2414 1733 Celitus
2471 1672 2643 1732 mitti
2697 1673 3087 1752 rogitamus

647 1756 868 1820 aulam
907 1756 1117 1818 Nobis
1151 1766 1221 1818 vt
1251 1756 1479 1817 crebro
1511 1757 1818 1818 veniente
1848 1765 2145 1818 crescant
2179 1758 2499 1838 Prospera
2513 1767 2792 1819 ‘cuncta

783 1843 1086 1924 Angelus
1119 1842 1304 1904 sortis
1340 1842 1628 1918 Gabriel,
1674 1853 1745 1905 vt
1799 1842 2060 1906 hostem
2116 1841 2351 1906 Pellet2
2399 1845 2774 1924 antiquum,
2832 1847 3086 1910 volitet

646 1932 733 1994 ab
763 1930 901 1993 alto
935 1928 1175 2012 Sepius
1206 1929 1529 2010 templum
1562 1930 1838 1992 veniens
1870 1931 1955 1992 ad
1990 1930 2166 1993 istud
2201 1930 2434 1992 Visere
2467 1941 2794 1994 nostrum.

781 2017 1122 2098 Angelum
1157 2016 1368 2088 nobiS,
1403 2016 1735 2079 medicum
1771 2017 2020 2092 salutiS‚
2072 2017 2269 2080 Mitte
2323 2016 2408 2080 de
2460 2017 2620 2080 celis
2669 2018 2962 2100 raphael
3015 2031 3085 2083 vt

647 2125 878 2167 omnes
915 2103 1122 2167 Sanet
1153 2112 1437 2184 egrot05,
1470 2105 1845 2185 pariterque
1877 2114 2138 2167 nostros
2175 2104 2439 2184 Dirigat
2462 2115 2665 2167 actuS.

785 2192 962 2253 Hinc
995 2190 1100 2253 dei
1134 2192 1338 2253 nostri
1371 2192 1662 2271 genitrix
1701 2191 1916 2253 Maria
1947 2190 2163 2254 Totus
2194 2202 2261 2254 et
2307 2191 2497 2253 nobis
2545 2192 2791 2254 chorus
2840 2196 3087 2277 angel-

647 2299 835 2341 orum
872 2279 1153 2360 Semper
1175 2279 1461 2351 assistat,
1494 2277 1689 2340 simul
1723 2286 1790 2340 et
1823 2279 2036 2352 beata,
2068 2277 2321 2342 Concio
2353 2288 2512 2343 tota.

784 2366 1039 2428 Prestet
1093 2364 1218 2427 hoc
1273 2364 1465 2426 nobis
1517 2364 1733 2427 deitas
1786 2365 1982 2427 beata
2037 2366 2265 2440 Patris
2314 2385 2393 2427 ac
2441 2367 2619 2427 nati:
2683 2368 3087 2450 pariterque

648 2454 858 2517 sancti
895 2452 1198 2535 Spiritu5‚
1229 2452 1414 2513 cuius
1448 2450 1708 2513 roboat³
1740 2451 1805 2513 in
1838 2452 2022 2514 omni
2058 2451 2287 2516 Gloria
2320 2453 2590 2518 mundo,
2683 2453 2949 2518 Amen.

777 2539 1173 2621 Antiphona.
1268 2537 1681 2601 Concussum
1745 2549 1846 2602 est
1902 2559 2099 2615 mare,
2154 2548 2219 2601 et
2272 2540 2675 2602 contremuit
2724 2550 2920 2604 terra
2974 2544 3087 2607 vbi

649 2626 1085 2711 archangelus
1123 2625 1408 2688 Michael
1443 2627 1893 2689 descendebat
1926 2628 2010 2689 de
2042 2625 2201 2690 celo,

1577 2768 1644 2838 (Ι
1691 2762 1903 2826 Lectio
1935 2764 2145 2828 tertia.

796 2876 1088 2939 Voniam
1122 2874 1321 2937 hodie
1353 2874 1594 2937 festum
1648 2874 1994 2937 Michaelis
2039 2874 2418 2957 archangeli
2465 2876 2893 2941 celebramus
2950 2901 3090 2945 non

840 2965 962 3026 erit
1023 2963 1110 3025 ab
1171 2982 1240 3024 re
1301 2982 1514 3044 pauca
1566 2962 1653 3023 de
1705 2963 2047 3025 ordinibus
2109 2963 2607 3044 prestantiaque
2666 2966 3090 3047 angelorum

645 3070 1168 3113 commemorare
1227 3068 1394 3130 quos
1448 3050 1611 3111 deus
1667 3050 1857 3111 initio
1912 3050 2139 3111 mundi
2201 3050 2450 3112 creauit
2526 3050 2709 3113 nulla
2783 3053 3092 3118 infectos

647 3138 992 3221 prauitate,
1024 3136 1175 3199 licet
1209 3137 1498 3218 ipsorum
1532 3135 1805 3216 quidam
1839 3156 1927 3197 ex
1947 3136 2259 3198 omnibus
2291 3137 2633 3199 ordinibus
2687 3158 2815 3201 sua
2870 3143 3093 3226 culpa

647 3244 798 3287 cum
862 3226 1159 3306 principe
1220 3222 1488 3285 diabolo
1548 3223 1926 3285 corruerint.
2022 3222 2438 3305 Angelorum
2503 3224 2718 3304 igitur,
2799 3231 2928 3308 qui
3019 3234 3087 3293 in

647 3311 866 3374 officio
899 3321 1266 3393 perstantes
1298 3309 1561 3371 fuerunt
1594 3311 1659 3371 in
1694 3311 1908 3390 gratia
1956 3309 2348 3386 confirmati,
2402 3321 2533 3373 tres
2583 3313 2873 3375 omnino
2933 3337 3090 3380 esse

649 3398 1043 3461 hierachias'*
1117 3398 1525 3480 grauissimis
1601 3406 1980 3459 sanctorum
2056 3397 2489 3472 voluminum,
2563 3409 2631 3460 et
2707 3412 3087 3467 auctorum

648 3484 1050 3564 testimonijs
1096 3484 1471 3566 accepimus
1522 3503 1897 3565 supremam
1954 3485 2218 3559 scilicet,
2270 3484 2560 3547 mediam
2613 3495 2683 3547 et
2736 3487 3092 3567 infimam,

647 3592 928 3654 quarum
961 3571 1218 3652 singule
1251 3582 1474 3632 ternos
1505 3573 1773 3633 ordines
1820 3572 2227 3647 contineant,
2271 3592 2579 3654 suprema
2631 3576 3092 3655 seraphinos:

646 3659 1060 3734 cherubinOS,
1111 3669 1178 3720 et
1240 3658 1553 3721 thronos:
1630 3657 1868 3731 media,
1931 3659 2440 3731 dominationeS,
2503 3660 2956 3743 principatuS,
3022 3678 3093 3729 et

649 3755 1052 3830 potestates:
1099 3743 1328 3806 infima
1361 3744 1634 3806 virtutes
1689 3745 2137 3826 archangeloS,
2168 3756 2235 3808 et
2280 3747 2393 3826 qui
2444 3746 2663 3828 angeli
2719 3753 3092 3831 propi-iore

644 3832 970 3895 vocabulo
1031 3832 1211 3914 quod
1280 3840 1381 3893 est
1439 3830 1570 3893 alio
1629 3832 1791 3912 quin
1838 3832 2148 3894 omnibus
2192 3853 2564 3909 commune,
2610 3835 3092 3904 nominantur.

647 3920 1010 3985 Conficitur
1072 3929 1294 3981 autem
1359 3920 1811 3999 vnusquisque
1875 3920 2039 3980 ordo
2100 3921 2465 4001 prestantia
2509 3931 2576 3982 et
2623 3921 3092 3991 similitudine

648 4009 954 4081 muneriS,
1000 4016 1068 4069 et
1115 4006 1343 4085 gratie,
1396 4025 1528 4086 qua
1573 4006 1845 4085 quidam
1893 4005 2279 4086 angelorum
2327 4007 2738 4070 conueniunt
2770 4009 2965 4075 inter
2998 4036 3090 4078 se.

651 4096 825 4158 Nam
892 4095 1043 4155 licet
1110 4102 1350 4155 cuncta
1417 4094 1779 4172 gratiarum
1842 4112 2117 4154 munera
2176 4113 2411 4155 omnes
2470 4097 2876 4175 acceperint,
2948 4102 3090 4164 alia

647 4192 872 4243 tamen
921 4180 1069 4261 alijs
1116 4179 1362 4260 largius
1412 4178 1665 4241 tributa
1711 4189 1883 4242 sunt.
1980 4179 2218 4260 Itaque
2250 4181 2582 4262 seraphini
2618 4183 3091 4264 appellantur,

646 4269 759 4350 qui
825 4269 1057 4332 ceteris
1132 4266 1459 4330 charitate
1538 4275 1860 4348 prestant,
1927 4266 2290 4340 cherubini,
2364 4268 2477 4348 qui
2555 4271 2919 4350 sapientia,
3011 4296 3088 4339 ac

740 4420 758 4450 ¹
792 4421 874 4470 die
899 4434 975 4483 29.
1007 4421 1063 4469 in
1087 4436 1153 4468 m.
1947 4415 1970 4447 ²
2005 4419 2195 4468 Pellat:
2233 4418 2309 4482 38.
2340 4431 2433 4468 etc.

739 4485 760 4515 ³
803 4487 940 4535 Thus
962 4488 1065 4535 also
1088 4484 1166 4548 38.
1195 4497 1273 4547 43.
1304 4485 1475 4534 reboat
1500 4496 1578 4547 39.
1608 4493 1703 4533 etc.
1950 4482 1971 4512 ⁴
2003 4484 2330 4534 hierarchias:
2368 4483 2445 4547 38.
2475 4495 2570 4534 etc.
