3293 5225
532 475 604 529 9²
886 467 1116 517 FERIA
1174 468 1274 519 IV.
1335 466 1777 517 DOMINICAE
1828 465 1877 516 l.
1941 464 2611 528 QUADRAGESIMAE.

1632 671 1882 738 Oratio·

555 782 936 913 REspice
985 785 1257 848 domine
1306 784 1628 886 familiam
1684 794 1871 848 tuam
1926 792 1993 847 et
2045 791 2284 866 presta,
2314 781 2610 884 vt.apud
2657 791 2726 846 te
2772 801 2962 884 mens

718 881 942 936 nostra
994 882 1111 936 tuo
1163 871 1492 935 desiderio
1540 870 1884 954 refulgeat,
1931 891 2062 954 que
2115 890 2186 934 se
2238 890 2453 934 carnis
2515 878 2962 934 maceratione

540 957 830 1041 castigat
866 982 879 1022 :
916 960 1041 1023 Per
1070 959 1440 1024 dominum.

1121 1128 1189 1198 ([
1218 1121 1418 1186 Feria
1451 1121 1575 1203 iiij.
1604 1143 1686 1186 ex
1718 1117 1989 1185 Genesi}
2078 1118 2293 1184 Lectio
2323 1119 2382 1186 ‚22

555 1232 853 1362 FActa
884 1243 985 1297 est
1015 1243 1239 1297 autem
1275 1235 1486 1297 sames
1519 1234 1583 1297 in
1617 1244 1792 1297 terra
1829 1282 1902 1308 .,.
1939 1234 2167 1297 omnia
2198 1253 2328 1315 que
2360 1231 2669 1298 habebat.

1092 1465 1160 1535 ([
1193 1458 1560 1523 Secundum
1591 1456 1952 1525 Ioannem?
2041 1457 2256 1521 Lectio
2287 1457 2374 1539 .ῂὶ

545 1569 966 1700 TVlerunt
998 1591 1158 1653 ergo
1190 1570 1483 1655 lapidem
1631 1580 1705 1634 vt
1735 1568 2244 1653 apprehendant
2275 1588 2449 1633 eum.

1060 1801 1128 1871 ([
1182 1795 1405 1858 Tertia
1432 1794 1610 1858 lectio
1636 1792 1985 1858 secundum
2019 1791 2435 1857 Mattheum.³

631 1905 692 1968 N
734 1906 873 1982 illo
933 1906 1755 1988 temporezAccesserunt
1816 1905 1903 1970 ad
1989 1906 2210 1969 Iesum
2273 1905 2486 1969 scribe
2544 1914 2612 1968 et
2673 1903 2960 1988 pharisei

655 1992 952 2058 dicentes
981 2017 994 2057 ε
1031 1995 1357 2077 Magister
1384 1993 1691 2057 volumus
1721 2014 1761 2057 a
1794 2004 1861 2056 te
1890 1993 2160 2075 signum
2193 1993 2433 2057 videre.
2524 1992 2615 2055 Et
2647 1992 2916 2075 reliqua.

1053 2163 1121 2233 (Ι
1164 2157 1243 2220 H
1242 2156 1467 2220 omilia
1493 2155 1709 2220 sancti
1732 2155 2104 2238 Augustini
2127 2154 2439 2237 Episcopi.

691 2267 781 2332 T*
838 2288 969 2351 que
1028 2270 1112 2331 de
1172 2278 1409 2332 sancto
1469 2267 1821 2350 euangelio
1901 2268 2175 2331 recitata
2220 2276 2379 2330 sunt
2432 2266 2663 2330 fratres
2711 2266 2860 2340 mei,
2906 2265 2962 2329 si

719 2357 947 2419 omnia
1014 2366 1417 2438 pertractare
1464 2355 1787 2438 cupimuS,
1840 2355 1959 2419 vix
2020 2364 2288 2438 tempus
2340 2352 2606 2417 sufficit⁵
2666 2353 2965 2435 singuliS,

544 2453 806 2524 quanto
857 2445 1071 2525 magis
1124 2463 1285 2526 ergo
1335 2463 1468 2507 non
1523 2442 1767 2505 sufficit
1815 2442 2178 2505 omnibus?
2275 2441 2508 2504 Ionam
2565 2440 2961 2524 prophetam

545 2529 665 2611 qui
719 2530 1015 2594 deiectus
1066 2531 1131 2593 in
1184 2531 1349 2593 mari
1405 2530 1597 2594 belue
1649 2530 1904 2592 marine
1955 2538 2141 2592 vtero
2201 2538 2526 2611 exceptus
2578 2536 2697 2604 est,
2728 2538 2796 2591 et
2848 2526 2958 2590 die

549 2617 746 2682 tertio
798 2618 990 2681 viuus
1042 2618 1721 2701 euomiturzfiguram
1798 2617 2082 2700 gessisse
2141 2616 2508 2693 saluatoriS,
2555 2616 2668 2698 qui
2732 2635 2965 2699 passus

546 2715 673 2781 est,
720 2715 787 2768 et
840 2706 950 2768 die
1002 2708 1199 2768 tertia
1248 2707 1622 2778 resurrexit,
1674 2705 1816 2787 ipse
1847 2703 2142 2767 saluator
2187 2702 2498 2767 ostendit.
2590 2702 2965 2767 Accusatus

546 2802 652 2855 est
703 2792 990 2875 populus
1048 2791 1404 2856 Iudeorum
1460 2794 1525 2855 in
1579 2792 2077 2875 comparatione
2138 2791 2566 2854 niniuitarum
2600 2791 2964 2872 :quoniam

550 2880 833 2943 niniuite
865 2878 948 2942 ad
970 2900 1137 2962 quos
1171 2881 1666 2961 redarguendos
1693 2880 1932 2942 missus
1965 2889 2063 2941 est
2096 2879 2294 2941 Ionas
2327 2879 2671 2960 propheta,
2702 2878 2967 2960 agendo

552 2967 993 3049 penitentiam
1027 2967 1187 3030 iram
1237 2966 1345 3030 dei
1394 2966 1848 3051 placauerunt,
1876 2975 1945 3029 et
1995 2963 2514 3029 misericordiam
2568 2974 2967 3030 meruerunt.

554 3054 751 3129 Ecce,
840 3053 1073 3136 inquit,
1133 3052 1483 3137 plusquam
1575 3054 1775 3116 Ionas
1837 3052 1944 3115 hic
2005 3051 2234 3116 volens
2297 3051 2594 3134 intelligi,
2672 3052 2964 3135 seipsum

553 3140 868 3204 dominus
909 3142 1109 3204 IesuS.
1201 3142 1581 3204 Audierunt
1614 3141 1706 3203 illi
1738 3160 2024 3217 seruum,
2054 3150 2122 3202 et
2153 3140 2295 3203 vias
2333 3160 2488 3202 suas
2519 3148 2972 3215 correxerunt,

553 3227 909 3291 audierunt
942 3228 1047 3290 isti
1080 3227 1427 3291 dominum
1462 3237 1528 3291 et
1559 3236 2125 3309 contempserunt,
2155 3237 2222 3289 et
2256 3227 2524 3307 insuper
2567 3226 2968 3290 occiderunt.

557 3314 818 3397 Regina
868 3315 1071 3377 austri
1126 3324 1411 3397 exurget
1463 3316 1695 3397 inquit,
1727 3315 1792 3377 in
1846 3312 2089 3377 iudicio
2138 3333 2287 3376 cum
2338 3314 2768 3396 generatione
2827 3312 2970 3389 hac,

556 3410 622 3465 et
652 3401 1129 3465 condemnabit
1159 3422 1327 3467 eam.
1419 3402 1626 3464 Venit
1658 3402 1837 3463 enim
1873 3422 1912 3463 a
1943 3400 2186 3463 finibus
2219 3409 2387 3463 terre
2434 3399 2662 3463 audire
2708 3401 2966 3482 sapien-

556 3488 720 3552 tiam
806 3488 1187 3553 Salomonis
1232 3499 1300 3553 et
1346 3509 1502 3552 ecce
1562 3488 1916 3571 plusquam
2005 3487 2326 3552 Salomon
2394 3487 2517 3550 hic.
2641 3487 2793 3549 Non
2848 3486 2970 3549 fuit

557 3596 876 3659 magnum
912 3575 1176 3639 Christo
1210 3575 1357 3659 plus
1391 3596 1533 3639 esse
1563 3596 1768 3658 quam
1807 3575 2025 3651 IonaS,
2050 3574 2197 3657 plus
2222 3594 2366 3637 esse
2386 3594 2587 3657 quam
2613 3573 2969 3638 Salomon:

555 3663 679 3726 iste
709 3663 889 3726 enim
924 3663 1255 3739 dominuS,
1287 3663 1378 3726 illi
1411 3664 1582 3726 serui
1637 3670 1843 3727 erant.
1937 3661 2069 3726 Sed
2106 3674 2331 3725 tamen
2378 3660 2607 3743 quales
2653 3670 2810 3724 sunt
2856 3659 2968 3742 qui

555 3760 932 3831 presentem
988 3749 1336 3875 dominum
1386 3760 1952 3832 contempserunt,
2003 3748 2274 3832 quando
2328 3748 2700 3831 alienigene
2745 3767 2970 3810 seruos

549 3838 694 3900 eius
727 3838 1095 3901 audierunt.

1638 3974 1884 4041 Oratim

567 4088 891 4217 PReces
925 4098 1184 4152 nostras
1231 4108 1592 4171 quesumus
1624 4088 1899 4151 domine
1929 4089 2292 4151 clementer
2335 4088 2603 4165 exaudi,
2637 4096 2704 4151 et
2738 4097 2970 4151 contra

543 4262 594 4325 Ρ
699 4186 944 4325 cciuncta
979 4176 1173 4240 nobis
1205 4177 1652 4250 aduersantia,
1681 4174 2034 4239 dexteram
2069 4186 2183 4239 tue
2216 4176 2582 4239 maiestatis
2631 4175 2969 4240 extende:

598 4282 669 4325 er
750 4283 1065 4328 ominum.

653 4470 670 4502 ¹
704 4473 810 4534 [xii.
847 4472 1048 4533 10-20.]
1439 4468 1463 4500 ²
1495 4470 1581 4532 [xi.
1610 4470 1819 4535 41-56.]
2231 4469 2253 4501 ⁸
2284 4471 2374 4521 Ca.
2410 4484 2482 4521 12.
2515 4472 2572 4520 in
2596 4488 2662 4521 m,

646 4536 672 4567 ⁴
709 4539 818 4589 Ea:
855 4551 932 4602 39.
960 4547 1056 4587 etc.
1432 4535 1455 4567 ⁸
1488 4536 1611 4586 suffit
1636 4554 1699 4588 a:
1736 4536 1814 4599 38.
2231 4533 2252 4566 ⁸
2287 4537 2540 4587 Miserere.
2572 4548 2648 4601 50.
2678 4538 2790 4586 add.
2819 4535 2899 4599 63.
