3293 5225
584 435 681 499 298
1023 473 1030 478 -
1363 437 1513 489 OCT
1504 440 1552 487 A
1570 438 1659 488 VA
1708 438 1854 487 VISI
1859 438 1909 487 T
1901 440 1948 487 A
1963 439 2013 487 T
2004 438 2227 489 IONIS.
2777 439 2921 501 [1111.
2948 453 3000 500 4.

1550 647 1617 717 (1
1662 641 1787 704 Ad
1806 642 2048 709 hzua'es.

715 752 1112 836 Anttjoltona.
1203 753 1631 817 Adueniente
1708 775 1838 836 que
1915 755 2254 819 Christum
2316 754 2625 836 gestabat
2686 755 2750 817 in
2812 766 3004 818 vtero

591 840 877 903 Ioannes
906 841 1186 904 exiliens
1220 843 1285 903 in
1317 861 1664 905 occursum
1698 843 1839 904 eius
1868 843 2142 925 gestiuit
2172 862 2535 926 erumpere.

1513 996 1581 1067 (Ι
1625 991 1750 1053 Ad
1771 1003 2079 1072 vesperas.

717 1103 1041 1185 Hymnus.
1135 1104 1286 1166 Aue
1319 1103 1518 1165 maris
1550 1101 1783 1166 stella.l

718 1189 1115 1272 Antz'pltona.
1205 1191 1416 1254 Beata
1489 1190 1730 1253 sterilis
1790 1209 1921 1272 que
1982 1210 2430 1273 precursorem
2492 1188 2747 1253 domini
2814 1190 3001 1253 senio

585 1278 1085 1359 ingrauescente
1116 1279 1439 1359 concepit,
1470 1277 1725 1340 beatior
1756 1278 1983 1359 virgo:
2027 1296 2157 1359 que
2188 1276 2388 1340 deum
2421 1287 2624 1359 atque
2655 1276 2999 1341 hominem

583 1364 834 1446 genuit.
900 1365 1202 1446 Utraque
1265 1364 1654 1428 miraculum
1716 1365 1962 1428 sentit:
2018 1374 2086 1426 et
2140 1365 2531 1445 mysterium
2586 1365 3003 1445 recognoscit

589 1453 722 1515 Sed
821 1451 1170 1515 Elizabeth
1262 1472 1454 1514 suum
1531 1453 1730 1515 vertit
1802 1453 1867 1515 in
1947 1451 2258 1533 preconia
2332 1451 2703 1514 visitantis:
2783 1451 3000 1514 Maria

584 1548 915 1620 vtrunque
946 1539 1143 1602 refert
1176 1539 1240 1601 in
1275 1538 1553 1623 gloriam
1587 1539 1966 1602 conditoris,

1172 1698 1239 1768 ΙΙ
1283 1693 1415 1756 Die
1443 1690 1582 1774 jis?
1611 1692 1690 1755 de
1718 1702 1943 1754 octaua
1974 1691 2412 1757 visitaffi‘onis.3

934 1803 1147 1867 Lectio
1181 1805 1293 1886 ,iifl
1324 1826 1403 1867 ex
1427 1802 1740 1876 lzomelial·
1769 1805 1985 1868 sancti
2006 1806 2069 1868 A
2081 1805 2355 1886 mbrosij
2374 1805 2683 1886 episcopi*

584 1916 1155 2048 COntuendum
1209 1927 1311 1980 est
1364 1917 1543 1980 enim
1590 1917 1747 1998 quia
1797 1918 2094 2000 superior
2141 1918 2323 1980 venit
2370 1918 2456 1979 ad
2505 1916 2895 1992 inferiorem,
2929 1927 3001 1980 vt

745 2003 1012 2066 inferior
1104 2005 1458 2067 adiuuetur
1559 2004 1776 2066 Maria
1870 2005 1954 2066 ad
2054 2003 2423 2080 Elizabeth,
2500 2004 2805 2069 Christus
2908 2002 2996 2066 ad

591 2091 932 2154 Ioannem.
1027 2091 1335 2173 Denique
1397 2092 1598 2153 etiam
1663 2100 1898 2173 postea
1951 2101 2023 2154 vt
2083 2091 2525 2155 sanctificaret
2588 2092 2996 2173 baptismum

591 2179 863 2241 Ioannis
892 2202 906 2241 :
951 2177 1264 2241 dominus
1294 2181 1476 2241 venit
1524 2179 1609 2240 ad
1650 2179 2079 2261 baptismum,
2111 2177 2262 2242 Cito
2303 2198 2569 2261 quoque
2602 2179 2667 2241 in
2700 2179 2994 2241 aduentu

588 2265 827 2328 marie:
873 2267 1205 2347 presentie
1249 2265 1582 2328 dominice
1628 2264 1949 2328 beneficia
1992 2265 2428 2329 declarantur.
2522 2265 2735 2330 Simul
2769 2276 2995 2328 autem

583 2362 655 2414 vt
716 2351 974 2415 audiuit
1033 2353 1501 2416 salutationem
1570 2352 1783 2415 Marie
1839 2352 2205 2427 Elisabeth,
2256 2352 2590 2415 exultauit
2651 2352 2869 2415 infans
2929 2353 2996 2414 in

583 2449 772 2502 vtero
816 2440 976 2516 eiuS,
1005 2450 1072 2502 et
1118 2439 1370 2522 repleta
1413 2450 1515 2502 est
1561 2441 1790 2521 spiritu
1824 2449 2059 2502 sancto
2092 2439 2457 2517 Elisabeth,
2488 2454 2557 2502 et
2588 2439 2997 2502 exclamauit

582 2547 745 2589 voce
795 2547 1074 2609 magna:
1142 2538 1210 2590 et
1258 2527 1434 2591 dixit
1479 2526 1566 2589 ad
1617 2528 1943 2590 Mariam:
1993 2528 2354 2590 Benedicta
2384 2536 2456 2589 tu
2489 2528 2660 2590 inter
2691 2526 2998 2589 mulieres

583 2624 654 2677 et
705 2615 1095 2677 benedictus
1146 2615 1396 2678 fructus
1453 2616 1698 2678 ventris
1746 2617 1860 2678 tui.
1952 2615 2129 2678 Vide
2183 2616 2716 2678 distinctionem:
2769 2615 2994 2695 singu-

588 2701 936 2783 lorumque
982 2701 1333 2765 verborum
1383 2703 1840 2786 proprietates,
1939 2702 2195 2765 Vocem
2246 2703 2425 2783 prior
2469 2701 2729 2764 audiuit
2778 2701 2993 2764 Elisa-

585 2788 763 2865 beth,
816 2790 931 2851 sed
988 2789 1273 2852 Ioannes
1329 2790 1508 2872 prior
1558 2790 1844 2871 gratiam
1896 2791 2118 2854 sensit.
2237 2789 2361 2851 Illa
2406 2799 2643 2852 nature
2688 2788 2990 2851 ordinem

582 2876 841 2939 audiuit
888 2877 1012 2939 iste
1058 2876 1390 2940 exultauit
1435 2876 1692 2939 ratione
1741 2876 2058 2959 mysterij.
2155 2875 2278 2939 Illa
2314 2876 2544 2951 Marie,
2576 2877 2700 2939 iste
2733 2875 2991 2939 domini

578 2963 788 3025 sensit
855 2965 1243 3039 aduentum,
1305 2963 1552 3027 semina
1614 2964 1940 3027 mulieris:
2016 2972 2083 3026 et
2144 2963 2387 3046 pignus
2448 2964 2761 3046 pignoris,
2857 2963 2992 3025 Iste

580 3050 862 3131 gratiam
912 3050 1314 3132 loquuntur:
1378 3050 1472 3113 illi
1521 3052 1698 3113 intus
1744 3062 2120 3133 operantur,
2151 3051 2552 3133 pietatisque
2596 3051 2990 3131 mysterium

579 3138 896 3200 maternis
941 3138 1332 3200 adoriuntur
1376 3138 1783 3221 profectibus
1824 3137 2206 3220 duplicique
2239 3137 2557 3200 miraculo
2590 3136 2993 3220 prophetant

580 3234 824 3287 matres
877 3224 1109 3306 spiritu
1166 3225 1611 3306 paruulorum.
1706 3225 2064 3288 Exultauit
2115 3224 2334 3288 infans
2384 3225 2450 3288 in
2506 3235 2711 3297 vtero,
2777 3237 2995 3286 mater

576 3312 830 3392 repleta
877 3321 979 3374 est
1035 3311 1189 3375 Non
1241 3313 1421 3394 prius
1473 3323 1687 3375 mater
1733 3312 1986 3395 repleta
2030 3332 2232 3393 quam
2278 3312 2451 3374 filius
2482 3314 2597 3376 sed
2630 3331 2782 3375 cum
2817 3311 2992 3375 filius

580 3400 869 3481 repletus
922 3408 1097 3462 esset
1146 3398 1379 3482 spiritu
1435 3408 1709 3463 sancto:
1756 3398 2049 3482 repleuit
2081 3409 2148 3461 et
2182 3410 2480 3462 matrem.
2575 3397 2994 3480 E[x]ultauit

581 3486 882 3557 Ioannes
915 3485 1249 3548 exultauit
1294 3496 1361 3549 et
1411 3486 1622 3549 Marie
1655 3486 1963 3569 spiritus:
2009 3486 2362 3550 exultante
2413 3485 2667 3549 Ioanne
2699 3486 2994 3568 repletur

580 3571 943 3637 Elisabeth.
1024 3572 1309 3635 Mariam
1337 3584 1564 3636 tamen
1600 3594 1732 3636 non
1768 3572 2026 3656 repleti⁵
2058 3573 2331 3656 spiritu:
2377 3572 2494 3637 sed
2520 3573 2823 3656 spiritum
2850 3573 2994 3636 eius

570 3660 878 3722 exultare
908 3660 1362 3741 cognouimuS.

1154 3802 1221 3872 ΙΙ
1266 3797 1398 3859 Die
1427 3797 1601 3879 ‚iiiyl“
1631 3798 1709 3859 de
1736 3806 1963 3860 octaua
1994 3797 2410 3861 visitationi&

1271 3908 1489 3971 Lectio
1518 3909 1630 3991 ‚iifl
1662 3931 1741 3972 ex
1766 3909 1986 3972 eadem
2015 3909 2306 3973 homelia.

587 4020 1338 4150 INcomprehensibilis
1411 4022 1590 4085 enim
1653 4021 2403 4104 incomprehensibiliter
2460 4021 2866 4105 operabatur
2928 4020 2993 4083 in

688 4119 899 4171 matre
945 4119 1013 4172 et
1059 4108 1168 4171 illa
1216 4119 1368 4191 post
1415 4120 1817 4192 conceptum
1867 4110 2171 4191 repletur,
2206 4110 2334 4172 ista
2380 4118 2536 4172 ante
2568 4117 2991 4191 conceptum.

579 4195 942 4259 Benedicta
995 4206 1065 4258 tu
1126 4196 1296 4258 inter
1346 4196 1652 4259 mulieres
1702 4207 1769 4260 et
1818 4197 2207 4260 benedictus
2257 4195 2509 4259 fructus
2554 4196 2803 4258 ventris
2852 4195 2992 4257 tui:

571 4293 643 4347 et
677 4285 847 4346 vnde
897 4282 1022 4346 hoc
1070 4283 1229 4345 mihi
1276 4292 1348 4345 vt
1386 4285 1610 4347 veniat
1659 4293 1871 4346 mater
1914 4283 2169 4346 domini
2220 4286 2347 4346 mei
2396 4282 2482 4346 ad
2530 4289 2685 4345 me?
2779 4282 2991 4345 Nouit

675 4434 691 4465 ¹
725 4443 779 4485 vt
800 4443 989 4499 supra:
1021 4438 1134 4486 add.
1163 4449 1242 4499 39.
1270 4450 1348 4494 41.
1423 4438 1495 4501 [p.
1525 4435 1665 4499 388.]
1729 4434 1753 4466 2
1785 4438 1881 4487 die.
1913 4449 1957 4500 3.
1989 4439 2047 4486 in
2073 4454 2136 4487 m.
2456 4434 2478 4464 ³
2512 4434 2729 4484 Maria:
2760 4436 2874 4484 add
2905 4432 2983 4498 38.

671 4500 692 4530 ⁴
722 4517 816 4550 orn.
848 4514 925 4564 39.
955 4513 1033 4562 41.
1727 4501 1749 4532 ⁸
1780 4503 1992 4567 repleri:
2030 4515 2106 4565 39.
2139 4518 2293 4562 many
2313 4502 2418 4551 cdd.
2455 4498 2477 4530 Β
2509 4500 2592 4551 die
2614 4514 2662 4561 4
2691 4502 2751 4549 in
2775 4516 2843 4550 m.
