3293 5225
377 533 394 546 .
437 503 533 553 242
1250 492 1675 542 EPJPHANJA
1722 493 2023 543 DOMINI.
2620 491 2767 553 [ux.
2796 490 2853 543 6.

442 652 544 708 est
576 666 692 728 per
716 645 1074 729 prophetas
1099 669 1114 710 :
1146 645 1263 709 sed
1288 645 1674 730 simpliciter
1696 646 1873 728 quod
1896 646 2146 710 dictum
2173 654 2274 710 est
2295 666 2410 730 per
2433 644 2846 729 prophetam.

446 732 507 793 N
515 752 642 795 unc
674 742 898 797 autem
933 733 1273 818 pluraliter
1302 732 1661 816 prophetas
1692 754 1939 796 vocans
1988 733 2283 797 ostendit
2336 754 2406 796 se
2456 753 2589 796 non
2643 733 2844 796 verba

442 817 527 881 de
572 820 913 902 scripturis
954 822 1333 903 sumpsisse,
1382 820 1500 883 sed
1548 841 1835 884 sensum.
1929 821 1991 883 N
1997 840 2314 884 azarenus
2345 820 2521 884 enim
2572 830 2845 882 sanctus

439 905 924 989 interpretatur.
1016 907 1339 972 Sanctum
1373 917 1597 971 autem
1645 909 1993 971 dominum
2042 907 2334 971 futurum
2383 907 2600 970 omnis
2646 906 2844 988 scrip-

439 1000 589 1055 tura
621 1003 1120 1059 commemorat.

1116 1132 1184 1194 E
1189 1131 1492 1194 PJPHA
1503 1130 1679 1194 NJA
1746 1130 2130 1196 DOMINI

995 1244 1228 1325 duplex
1254 1243 1470 1305 maius
1497 1242 1594 1305 ad
1614 1254 1910 1325 vesperas
1937 1243 2260 1323 Hymnus,

605 1354 791 1419 Ostis
845 1353 1160 1418 Herodis1
1192 1355 1409 1439 impie,
1467 1354 1802 1419 Christum
1857 1356 2080 1418 venire
2132 1354 2293 1437 quid
2348 1355 2593 1418 times?
2687 1354 2841 1417 Non

645 1442 840 1524 eripit
872 1443 1192 1518 mortalia,
1227 1441 1359 1524 Qui
1394 1462 1597 1525 regna
1628 1441 1747 1505 dat
1777 1442 2061 1505 celestia.

571 1528 773 1592 Ibant
834 1531 1031 1612 magi,
1089 1550 1292 1611 quam
1355 1528 1703 1605 viderant,53
1758 1529 2037 1593 Stellam
2099 1538 2449 1611 sequentes
2526 1529 2839 1611 preuiam.

439 1615 701 1679 Lumen
736 1617 1073 1698 requirunt
1105 1617 1392 1680 lumine:
1442 1616 1661 1679 Deum
1698 1616 1987 1679 fatentur
2033 1636 2321 1679 munere.

569 1703 870 1767 Lauacra
924 1703 1070 1787 puri
1124 1704 1402 1785 gurgitis
1457 1703 1735 1768 Celestis
1787 1723 2001 1785 agnus
2049 1703 2312 1785 attigit:
2361 1703 2659 1778 Peccata,
2713 1721 2842 1784 que

436 1809 567 1851 non
603 1789 842 1853 detulit
871 1813 886 1854 ε
934 1791 1077 1854 Nos
1108 1791 1442 1854 abluendo
1473 1790 1758 1854 sustulit.

568 1877 839 1941 Nouum
871 1898 1083 1960 genus
1115 1878 1412 1959 potentie
1441 1902 1454 1940 :
1500 1897 1673 1958 aque
1704 1878 2061 1941 rubescunt
2091 1875 2343 1958 hydrie,
2364 1874 2642 1939 Vinum³
2665 1875 2843 1937 iussa

435 1963 748 2027 fundere:
796 1965 1081 2027 mutauit
1126 1964 1303 2027 vnda
1349 1964 1690 2045 originem.

568 2048 797 2116 Gloria
858 2050 978 2114 tibi
1026 2051 1336 2114 domine:
1415 2051 1548 2134 Qui
1611 2051 1973 2134 apparuisti
2029 2051 2229 2113 hodie
2292 2049 2465 2114 Cum
2529 2058 2715 2133 patre
2775 2057 2843 2111 et

435 2147 669 2200 sancto
701 2137 930 2221 spiritu
969 2139 1046 2201 In
1080 2139 1483 2222 sempiterna
1515 2138 1754 2201 secula.
1845 2138 2087 2200 Amen.

566 2225 664 2288 Et
688 2225 783 2287 sic
811 2225 1257 2289 terminantur
1280 2225 1535 2306 hymni*
1564 2225 1863 2288 omnibus
1891 2225 2070 2287 lzorz’s
2084 2235 2214 2306 per
2241 2233 2440 2287 totam
2472 2233 2783 2286 octauam.

567 2336 959 2418 Antz'pltona.
1055 2338 1243 2419 Magi
1304 2337 1608 2399 videntes
1670 2335 1928 2399 stellam
1992 2336 2309 2399 dixerunt
2370 2335 2454 2398 ad
2517 2335 2839 2398 invicem:

440 2423 592 2486 Hoc
652 2425 915 2505 signum
980 2426 1207 2507 magni
1270 2424 1443 2505 regis
1495 2433 1596 2486 est
1650 2444 1898 2498 eamus,
1950 2433 2018 2487 et
2069 2423 2480 2504 inquiramus
2533 2443 2729 2486 eum:
2775 2432 2844 2486 et

434 2509 792 2574 offeramus
823 2511 882 2574 ei
915 2532 1225 2574 munera:
1271 2531 1526 2588 aurum,
1557 2510 1730 2587 thuS,
1760 2521 1828 2574 et
1860 2530 2150 2592 myrram
2183 2510 2492 2573 halleluia
2516 2509 2845 2573 halleluia.

1513 2649 1757 2714 Oratio,

451 2763 746 2892 DEuS,
775 2763 888 2844 qui
921 2762 1241 2826 hodierna
1271 2762 1380 2826 die
1411 2762 1826 2845 vnigenitum
1861 2772 2049 2825 tuum
2081 2761 2391 2844 gentibus
2438 2760 2629 2823 stella
2674 2754 2842 2823 duce

630 2849 937 2913 reuelasti
969 2873 983 2914 t
1030 2851 1323 2913 concede
1355 2850 1699 2932 propitiuS,
1731 2857 1803 2911 vt
1833 2849 1946 2931 qui
1980 2848 2109 2911 iam
2145 2858 2211 2910 te
2242 2868 2330 2910 ex
2364 2848 2495 2911 fide
2527 2850 2841 2929 cognoui-

440 2957 605 3012 muS,
637 2957 845 3019 vsque
877 2937 962 3000 ad
993 2936 1584 3019 contemplandam
1616 2936 1907 3019 speciem
1955 2946 2067 2998 tue
2113 2935 2520 2998 celsitudinis
2568 2934 2842 3017 perduc·

439 3044 647 3088 amur.
679 3044 795 3107 per
826 3023 1134 3087 eundem.
1183 3034 1305 3086 etc.

1291 3165 1359 3236 (Ι
1403 3160 1527 3223 Ad
1551 3159 1991 3224 matutinum.⁵

573 3272 1063 3335 Inuitatorium.
1157 3271 1460 3336 Christus
1493 3272 1804 3356 apparuit
1850 3272 2059 3349 nobi5‚
2086 3272 2309 3335 venite
2343 3272 2710 3337 adoremus

570 3359 898 3441 Hymnus,
991 3360 1228 3423 Hostis
1264 3358 1615 3422 Herodes.⁶

575 3446 971 3528 Anttpltona.
1093 3448 1314 3529 Reges
1388 3447 1680 3523 TharsiS,
1753 3454 1822 3509 et
1898 3445 2107 3510 insule
2182 3466 2457 3509 munera
2545 3446 2840 3513 offerent.

449 3536 671 3617 Reges
704 3534 1005 3597 Arabum
1040 3544 1107 3596 et
1140 3534 1320 3598 Saba
1350 3534 1529 3596 dona
1560 3533 1913 3609 adducent,
1945 3532 2255 3596 halleluia
2285 3532 2610 3596 halleluia.

579 3650 647 3721 ΙΙ
689 3645 1074 3707 Notandum
1105 3630 1279 3727 quod
1298 3643 1483 3707 hodie
1511 3647 1910 3708 omittuntur
1919 3646 2146 3727 prima
2174 3655 2237 3708 et
2263 3647 2538 3709 secunda
2568 3647 2853 3710 lectiones

448 3742 837 3796 occurrentes
867 3733 937 3794 in
967 3732 1357 3808 dominicali,
1389 3742 1452 3794 et
1478 3733 1602 3795 loco
1630 3754 1856 3794 earum
1887 3733 2196 3814 leguntur
2221 3732 2644 3815 infrascripta

1217 3874 1285 3945 (I
1328 3868 1569 3931 Prima
1597 3870 1775 3932 lectio
1803 3890 1882 3932 ex
1907 3868 2098 3933 Isaie.
2115 3852 2191 3904 (Α

459 3981 802 4112 OMnes
833 3982 1133 4045 sitientes
1154 3982 1377 4044 venite
1407 3980 1494 4043 ad
1525 4001 1768 4063 aquas:
1799 3991 1867 4045 et
1891 3982 2002 4064 qui
2037 4003 2171 4045 non
2192 3981 2450 4046 habetis
2482 3994 2852 4065 argentum,

633 4078 999 4152 properate,
1016 4069 1235 4145 emite,
1254 4076 1322 4130 et
1344 4068 1691 4132 comedite.
1751 4069 2014 4143 Venite,
2036 4069 2254 4145 emite,
2274 4069 2525 4152 absque
2545 4079 2855 4152 argento:

454 4166 522 4219 et
567 4155 818 4238 absque
849 4156 981 4220 vlla
1026 4156 1551 4219 commutatione
1596 4157 1825 4218 vinum
1881 4164 1949 4218 et
2002 4156 2120 4219 lac.
2210 4156 2436 4239 Quare
2479 4156 2859 4241 appenditis

456 4253 805 4325 argentum
841 4263 973 4307 non
1031 4244 1096 4305 in
1153 4242 1456 4326 panibuS,
1503 4252 1571 4305 et
1621 4242 1916 4306 laborem
1967 4241 2286 4307 vestrum⁷
2337 4245 2403 4306 in
2453 4245 2856 4308 saturitate?

552 4352 569 4383 ¹
608 4354 871 4404 Herodes:
909 4353 986 4417 38.
1027 4362 1121 4404 etc.
1196 4353 1426 4404 Herodes
1457 4353 1650 4404 hostis:
1686 4365 1764 4416 43.

549 4416 573 4449 ²
604 4419 865 4469 viderunt:
901 4432 980 4482 39.
1766 4417 1788 4449 ³
1821 4419 2136 4484 vinumque:
2173 4432 2251 4484 39.
2280 4428 2374 4471 etc.
2488 4426 2546 4487 (m.
2612 4424 2691 4495 [J

552 4482 574 4514 ⁴
607 4485 664 4533 in
681 4500 700 4534 .·
731 4486 843 4534 add.
873 4497 951 4548 39.
979 4492 1073 4534 etc.
1770 4482 1792 4513 ⁸
1822 4483 1919 4535 die.
1947 4484 1993 4534 6.
2023 4487 2081 4533 in
2102 4502 2170 4535 m.

552 4546 575 4580 ⁸
605 4556 662 4599 vt
680 4558 873 4615 supra:
904 4550 1016 4599 add.
1046 4562 1124 4613 39.
1153 4557 1249 4600 etc.
1776 4547 1798 4581 ⁷
1830 4564 1969 4601 non:
2004 4551 2117 4601 add.
2146 4563 2225 4615 39.
2253 4559 2349 4601 etc.
