3293 5225
533 483 595 535 50
1116 478 1603 528 HEBDOMADA
1643 478 1883 526 PRIMA
1921 479 2031 527 AD
2045 479 2352 531 VENTUS.

1041 637 1109 707 (I
1144 630 1512 695 Secundum
1542 629 1834 695 Lucam.¹
1923 631 2138 696 Lectio
2166 633 2460 696 secunda.

546 739 733 869 ET
795 753 937 843 erat
991 743 1193 806 Anna
1254 744 1691 844 prophetissa,
1745 741 1877 806 filia
1932 745 2225 807 Phanuel
2284 746 2368 808 de
2423 746 2596 808 tribu
2648 745 2820 808 Aser

700 839 918 910 gratia
948 831 1126 913 apud
1159 830 1359 893 deum
1392 843 1459 894 et
1492 831 1811 894 hommes,

660 970 728 1040 ΙΙ
792 964 1078 1049 Sequens
1121 968 1314 1031 tertia
1358 968 1537 1031 lectio
1580 967 1854 1031 dicenda
1895 979 1992 1033 est
2035 969 2105 1030 in
2164 969 2462 1033 omnibus
2517 970 2716 1033 sextis·
2742 971 2951 1052 serijs

528 1049 852 1115 aduentus
878 1054 1135 1135 quando
1165 1076 1289 1118 non
1312 1057 1662 1118 occurrerit
1682 1057 1928 1132 festum
1958 1057 2276 1137 excipitur
2303 1056 2540 1138 vtgrilia
2572 1057 2951 1120 natiuitatis

527 1137 596 1199 si
622 1139 927 1203 inciderit
953 1143 1023 1204 in
1036 1143 1227 1221 scria
1254 1151 1449 1205 sexta.

831 1258 899 1328 ΙΙ
933 1252 1164 1317 Sermo
1185 1255 1399 1317 sancti
1425 1254 1487 1317 A
1498 1253 1772 1336 mbrosij
1792 1254 2106 1336 Episcopi.
2195 1255 2411 1318 Lectio
2441 1255 2655 1322 tertia.

534 1361 789 1493 SAtis
819 1363 1218 1448 abundeque
1247 1366 1500 1430 dixisse
1531 1387 1639 1429 me
1669 1365 1869 1430 credo
1898 1367 2216 1449 superiori
2250 1376 2536 1431 tractatu
2567 1390 2580 1429 τ
2626 1369 2949 1449 quemad-

665 1450 940 1515 modum
987 1454 1239 1534 compti
1285 1453 1389 1516 vel
1437 1453 1627 1516 nitidi
1678 1453 1968 1517 natalem
2018 1455 2272 1517 domini
2319 1455 2651 1537 suscipere
2705 1453 2945 1517 debea-

532 1556 717 1599 mus:
763 1548 832 1601 et
875 1539 1455 1622 superuenientem
1505 1540 1934 1605 festiuitatem
1982 1542 2161 1605 eius:
2207 1540 2295 1604 ab
2339 1544 2522 1604 omni
2582 1540 2949 1605 ambitione

530 1624 826 1688 retinere.
920 1626 1233 1691 Retinere
1264 1627 1597 1710 (inquam)
1617 1638 1691 1691 vt
1712 1629 1770 1690 si
1802 1628 1943 1690 dies
1964 1626 2203 1691 natalis
2233 1629 2374 1691 eius
2406 1639 2695 1691 transeat
2722 1651 2736 1689 :
2768 1630 2944 1711 apud

529 1730 650 1773 nos
681 1721 906 1775 tamen
940 1712 1480 1778 sanctificationis
1513 1715 1653 1778 eius
1700 1714 2044 1778 beatitudo
2074 1724 2478 1798 permaneat.
2574 1715 2722 1778 Hec
2768 1716 2945 1777 enim

528 1799 744 1880 gratia
765 1799 1003 1863 natalis
1027 1813 1127 1864 est
1148 1802 1400 1864 domini
1434 1800 1783 1866 saluatoris
1816 1812 1887 1865 vt
1919 1803 1983 1864 in
2010 1802 2304 1866 futurum
2338 1802 2423 1865 ad
2458 1803 2947 1886 predestinatos

529 1895 824 1950 transeat
856 1897 923 1950 et
956 1889 1020 1950 in
1055 1889 1440 1970 preteritum
1490 1899 1759 1952 maneat
1789 1888 1874 1951 ad
1923 1889 2218 1954 deuotoS.
2311 1888 2598 1972 Oportet
2629 1910 2791 1971 ergo
2823 1909 2944 1952 nos

528 1991 673 2035 esse
719 1975 1074 2038 sanctitate
1121 1995 1358 2057 puros:
1407 1976 1693 2039 mundos
1740 1976 2095 2058 pudicitia:
2144 1976 2391 2040 nitidos
2438 1977 2828 2039 honestate:
2874 1986 2945 2038 vt

526 2078 663 2140 quo
737 2059 871 2124 die2
946 2061 1187 2126 festum
1265 2059 1581 2126 aduenire
1658 2063 2092 2146 propinquius
2169 2064 2500 2126 cernimus
2576 2064 2944 2127 accuratius

528 2146 931 2213 incedamus,
1024 2149 1096 2214 Si
1128 2150 1303 2213 enim
1339 2149 1719 2213 muliercule
1764 2149 1980 2214 solent
2010 2150 2268 2233 aliquas
2301 2149 2492 2213 ferias
2515 2160 2903 2232 suscepture
2931 2173 2945 2226 ;

528 2234 823 2297 maculas
855 2236 1135 2299 vestium
1168 2257 1435 2299 suarum
1469 2257 1644 2318 aqua
1691 2237 1940 2300 diluere
1973 2257 2089 2300 cur
2119 2257 2251 2300 non
2301 2239 2516 2320 magis
2548 2257 2669 2300 nos
2701 2257 2947 2319 excep-

527 2321 656 2383 turi
717 2322 1009 2386 natalem
1073 2324 1369 2387 domini:
1434 2323 1729 2386 maculas
1804 2326 2176 2387 animarum
2241 2335 2616 2387 nostrarum
2680 2322 2944 2386 fletibus

525 2407 927 2472 abluamus?
1020 2411 1110 2474 Et
1157 2410 1263 2473 ille
1309 2411 1580 2493 quidem
1613 2412 1667 2474 si
1717 2412 1885 2474 adeo
1931 2411 2172 2474 infecte
2218 2432 2320 2474 res
2365 2410 2597 2473 cellule
2643 2410 2946 2474 sordibus

524 2497 914 2560 extiterint:
990 2498 1171 2579 quod
1250 2498 1544 2560 maculas
1616 2497 1761 2560 sola
1834 2519 2007 2580 aqua
2084 2519 2216 2562 non
2306 2509 2544 2581 purgat
2568 2496 2610 2560 :³
2684 2497 2942 2561 addunt

527 2583 881 2648 molliciem
914 2585 1039 2648 olei
1070 2610 1084 2650 :
1131 2586 1400 2668 saponis
1446 2585 1649 2649 etiam
1696 2585 2144 2650 acrimoniam.
2239 2586 2380 2649 Nos
2412 2605 2683 2669 quoque
2715 2586 2767 2648 si
2802 2594 2938 2648 tam

524 2690 728 2753 graue
805 2684 1152 2755 peccatum
1230 2673 1424 2737 fuerit
1499 2684 1568 2736 vt
1648 2673 1919 2736 minime
2006 2673 2164 2736 solis
2255 2673 2519 2736 fletibus
2595 2673 2942 2736 abluatur:

522 2757 852 2823 addamus
917 2761 1381 2823 misericordie·
1417 2759 1636 2823 oleum
1701 2760 2268 2843 acrimoniamque
2328 2760 2571 2840 ieiunij.
2665 2758 2938 2822 Nullum

521 2845 702 2908 enim
736 2857 875 2909 tam
915 2867 1116 2929 graue
1164 2846 1476 2910 delictum
1509 2857 1656 2910 est:
1702 2847 1882 2928 quod
1931 2867 2060 2911 non
2111 2859 2429 2930 purgetur
2474 2847 2878 2909 abstinentia
2905 2848 2946 2907 :⁴

522 2931 963 3014 eleemosynis
983 2935 1431 3015 extinguatur.
1494 2935 1615 2997 Ait
1640 2937 1818 2997 enim
1844 2946 2111 2999 sanctus
2139 2934 2481 3017 propheta.
2559 2933 2747 2998 Sicut
2767 2954 2943 3016 aqua

522 3022 861 3104 extinguit
910 3023 1131 3104 ignem
1183 3024 1273 3085 ita
1333 3022 1760 3102 eleemosyna
1820 3021 2182 3104 extinguit⁵
2230 3030 2593 3103 peccatum.
2690 3021 2943 3102 Magna

521 3104 650 3170 ⁶est
695 3108 879 3190 ergo⁰
925 3109 1385 3190 eleemosyna:
1445 3128 1575 3190 que
1620 3109 1997 3172 ardentium
2045 3109 2394 3171 criminum
2444 3108 2681 3191 globos
2745 3107 2942 3171 bene-

524 3198 813 3260 volentie
844 3217 960 3259 sue
994 3196 1176 3260 fonte
1208 3196 1584 3278 refrigerat:
1632 3205 1700 3259 et
1733 3196 2028 3279 quodam
2063 3196 2306 3277 irriguo
2353 3195 2678 3278 largitatis
2722 3194 2943 3257 obruit

525 3283 833 3349 incendia
879 3283 1289 3355 delictorum,
1320 3294 1390 3345 vt
1435 3284 1745 3364 quamuis
1791 3282 2081 3346 offensus
2128 3285 2326 3345 deus:
2371 3283 2680 3363 quamuis
2725 3282 2941 3343 crimi-

525 3374 717 3436 nibus
776 3381 1213 3453 prouocatus:
1276 3379 1553 3452 cogatur
1612 3370 1887 3433 liberare
1946 3370 2421 3450 eleemosynis:
2469 3389 2667 3451 quem
2718 3369 2942 3449 dispo-

521 3468 746 3524 suerat
807 3459 1040 3540 punire
1085 3457 1390 3539 peccatis,
1504 3456 1785 3540 Cogitur
1844 3458 2020 3519 enim
2071 3478 2111 3519 a
2157 3456 2349 3519 nobis
2394 3456 2689 3537 quodam
2738 3458 2945 3517 modo

524 3551 686 3611 dum
719 3544 1138 3628 compellitur
1172 3565 1288 3625 pro
1319 3544 1577 3606 actibus
1611 3545 1852 3607 nostris
1884 3554 2143 3606 mutare
2174 3543 2573 3606 sententiam
2606 3550 2674 3604 et
2706 3543 2771 3604 in
2807 3563 2943 3603 vno

523 3630 921 3714 eodemque⁷
945 3632 1215 3694 homine
1249 3650 1420 3693 nunc
1446 3633 1799 3694 seueritate
1831 3632 2063 3694 iudicis
2089 3628 2509 3714 promoueri,⁸
2529 3650 2702 3692 nunc
2735 3630 2944 3712 patris

526 3723 773 3805 pietate
806 3719 1107 3781 blandiri.
1201 3718 1397 3780 Pater
1441 3720 1617 3780 enim
1668 3719 1858 3781 nobis
1890 3718 2054 3781 deus
2084 3728 2204 3794 est,
2235 3738 2387 3781 cum
2434 3718 2605 3780 bene
2636 3717 2900 3800 agimus
2928 3741 2940 3778 :

525 3810 729 3876 iudex
764 3816 1006 3881 noster,
1036 3816 1137 3867 est
1170 3824 1318 3866 cum
1352 3825 1724 3887 peccamus,

1126 3971 1194 4041 (Ι
1228 3964 1509 4029 Sabbato
1539 3964 1640 4027 αθ
1669 3964 1925 4029 Isaia.¹⁰
2017 3967 2228 4028 Lectio
2256 3967 2316 4048 j.

529 4080 931 4216 SAcerdos
990 4088 1057 4141 et
1120 4077 1443 4159 propheta
1504 4078 1875 4141 nescierunt
1950 4098 2066 4161 pre
2141 4078 2462 4141 ebrietate
2667 4086 2939 4157 pactum

657 4180 947 4234 vestrum
980 4186 1131 4229 cum
1167 4164 1421 4227 inferno
1452 4184 1585 4227 non
1618 4164 1839 4228 stabit.

622 4307 644 4403 ζ
676 4307 766 4357 Ca.
797 4318 841 4355 2.
872 4306 1018 4417 3³⁸5?
1030 4302 1117 4416 gii.
1139 4301 1352 4427 ὧδ’-524
2057 4300 2083 4396 1
2110 4301 2242 4415 <gem
2234 4313 2417 4415 &1336
2418 4313 2526 4414 ‹1496
2527 4297 2826 4424 &off-624·
2855 4298 2936 4347 66.

622 4437 644 4467 ⁶
676 4378 957 4503 &effutita
979 4380 1291 4495 eleelinosyna
1314 4430 1592 4496 extinguit:
1631 4434 1743 4481 odd.
1773 4431 1852 4481 66.
2054 4429 2162 4465 ⁸—ss
2186 4402 2313 4494 ‘ergo
2332 4403 2411 4507 est
2429 4402 2464 4479 ε·
2481 4376 2681 4492 383.·εῖε.
2777 4400 2788 4411 ’

622 4503 643 4540 7
677 4503 888 4553 eodem:
926 4512 1003 4563 39.
2049 4496 2071 4527 ⁸
2105 4512 2413 4561 permouen:
2450 4494 2530 4544 60.
2558 4494 2638 4543 61.
2666 4492 2746 4554 64.

622 4568 645 4601 ⁹
675 4586 768 4619 om.
800 4566 877 4631 38.
2035 4561 2076 4593 ¹⁰
2107 4563 2196 4612 Ca.
2227 4561 2304 4611 28.
2330 4563 2387 4610 in
2412 4578 2476 4610 m.
2503 4557 2663 4620 [xviii.
2692 4557 2866 4620 7—18.]
