3293 5225
508 473 604 521 216
1026 472 1407 522 DOMJNJCA
1444 473 1566 521 XV.
1608 472 1802 521 POST
1827 471 2394 521 PENTECOSTEM

883 684 951 753 {I
1002 677 1057 740 S
1056 677 1284 740 abbato
1315 675 1426 738 Ex
1439 674 1683 757 primol
1715 673 2016 757 Regum-³·
2104 674 2315 751 Lectio
2332 675 2575 755 prima.

637 788 897 852 Ocutus
948 802 1050 853 est
1109 801 1333 853 autem
1401 787 1562 852 Saul
1641 788 1725 850 ad
1809 787 2143 851 Ionathan
2296 786 2517 849 David
2598 785 2784 866 fugit,
2860 795 2924 847 et

679 877 974 940 saluatus
1003 887 1106 939 est
1135 884 1330 939 nocte
1362 875 1490 940 illa.

884 1046 952 1115 {I
998 1041 1110 1103 Ex
1135 1041 1398 1122 epistola
1431 1040 1594 1103 lude
1619 1037 1929 1120 apostolz'.³
2017 1038 2229 1101 Lectio
2257 1037 2548 1100 secunda.

513 1153 888 1302 VEAilliS‚
921 1154 1032 1234 qui
1068 1154 1131 1215 in
1160 1154 1267 1215 via
1289 1152 1456 1216 Cain
1485 1152 1794 1215 abierunt
1946 1152 2012 1213 in
2039 1151 2271 1213 omnia
2293 1149 2514 1212 secula
2540 1147 2930 1210 seculorum.

766 1260 937 1307 men.

638 1409 706 1478 {I
751 1403 1100 1465 Dominica
1190 1425 1310 1465 xv.
1388 1415 1536 1484 post
1625 1402 2048 1463 Pentecosten.
2141 1400 2250 1461 Ex
2319 1399 2540 1480 primo
2629 1397 2928 1479 Regumfi

1543 1488 1754 1550 Lectio
1786 1489 1842 1551 .i.

524 1601 816 1730 Mlsit
874 1621 1036 1684 ergo
1099 1600 1259 1664 Saul
1324 1600 1652 1663 satellites
1714 1619 1869 1661 suos
2079 1598 2259 1662 Num
2337 1597 2432 1659 et⁵
2515 1595 2675 1660 Saul
2758 1598 2925 1658 inter

734 1688 1145 1778 prophetas?

726 1849 1046 1929 ⁶Epistola
1076 1850 1249 1913 beati
1275 1850 1486 1911 Pauli
1509 1847 1845 1930 Apostoli?
1935 1848 2057 1911 Ad
2081 1848 2408 1911 Hebreos.⁸
2482 1847 2692 1909 Lectio
2725 1847 2807 1927 ,ill

615 1857 683 1926 ΙΙ

525 1963 1140 2091 MVltipheriam
1206 1963 1564 2062 multisque
1626 1961 1843 2062 modis
1902 1961 2060 2023 olim
2125 1961 2289 2022 deus
2341 1960 2621 2041 loquens
2813 1958 2924 2038 qui

735 2051 1176 2114 hereditatem
1206 2059 1471 2131 capient
1503 2049 1750 2112 salutis.

1091 2219 1155 2288 (Ι
1214 2213 1435 2274 Tertia
1465 2212 1643 2274 lectio
1673 2211 2020 2274 secundum
2052 2209 2346 2273 ,[,εῑιῐαηιη9

525 2325 657 2452 IN
694 2325 806 2387 illo
840 2336 1157 2407 tempore,
1193 2325 1345 2424 Ibat
1384 2325 1569 2423 Iesus
1601 2325 1667 2386 in
1703 2324 2044 2386 ciuitatem
2093 2343 2223 2404 que
2269 2333 2544 2385 vocatur
2594 2321 2814 2421 lX'aim,
2859 2330 2924 2381 et

636 2413 824 2475 lbant
856 2433 1005 2475 cum
1040 2433 1120 2474 eo
1156 2412 1460 2493 discipuli
1493 2432 1635 2473 eius
1666 2421 1734 2474 et
1766 2412 1962 2474 turba
1994 2412 2281 2492 copiosa.
2374 2410 2466 2472 Et
2499 2409 2765 2490 reliqua.

1031 2580 1099 2650 {I
1145 2574 1228 2637 H
1222 2595 1322 2636 om
1330 2574 1449 2636 ilia
1480 2574 1697 2636 sancti
1723 2574 1782 2635 A
1796 2573 2100 2655 agustini
2124 2573 2402 2654 episcopi.

527 2687 722 2815 DE
757 2687 995 2751 iuuene
1027 2687 1140 2750 illo
1171 2688 1560 2750 resuscitato
1591 2686 1825 2768 ganisa
1857 2696 1958 2748 est
1983 2695 2194 2748 mater
2223 2685 2423 2747 vidua
2453 2707 2465 2745 :
2514 2683 2597 2745 (le
2644 2684 2925 2745 homini-

706 2775 829 2837 bus
874 2774 1173 2856 quotidie
1221 2776 1286 2836 in
1335 2774 1564 2855 spiritu
1616 2774 2020 2835 resuscitatis
2066 2774 2339 2856 gaudet,
2371 2782 2585 2833 mater
2633 2771 2923 2834 ecclesia.

519 2861 637 2923 Ille
698 2863 969 2943 quidem
1034 2870 1332 2924 mortuus
1394 2871 1538 2924 erat
1590 2881 1904 2942 corpore:
1984 2859 2075 2921 illi
2129 2869 2353 2921 autem
2405 2869 2645 2921 mente.
2745 2857 2927 2919 Illius

516 2969 691 3010 mors
743 2949 1016 3011 visibilis
1065 2948 1407 3010 visibiliter
1461 2947 1942 3030 plangebatur:
1992 2946 2253 3009 illorum
2306 2966 2484 3007 mors
2538 2945 2926 3007 inuisibilis:

513 3036 668 3098 alibi
717 3056 839 3099 nec
893 3036 1292 3117 querebatur
1342 3054 1462 3097 nec
1512 3034 1880 3097 videbatur.
1973 3033 2281 3114 Quesiuit
2335 3032 2443 3095 ille
2484 3034 2596 3113 qui
2652 3042 2930 3094 nouerat

516 3133 829 3185 mortuos,
925 3122 1045 3185 Ille
1089 3123 1267 3185 solus
1305 3132 1583 3184 nouerat
1640 3131 1939 3183 mortuos
1988 3122 2100 3202 qui
2153 3130 2415 3203 poterat
2464 3120 2677 3182 facere
2725 3121 2928 3181 viuos,

517 3210 660 3272 Nisi
723 3212 901 3272 enim
964 3209 1050 3271 ad
1115 3220 1411 3272 mortuos
1474 3210 1893 3271 suscitandos
1968 3208 2298 3271 venisset:
2374 3206 2719 3288 apostolus
2796 3225 2926 3267 non

512 3297 761 3359 diceret
794 3317 986 3379 surge
1020 3298 1132 3378 qui
1166 3296 1418 3359 dormis
1448 3306 1515 3358 et
1563 3316 1818 3376 exurge
1850 3317 1890 3358 a
1939 3295 2234 3371 mortui5‚
2287 3306 2354 3358 et
2409 3294 2808 3356 illuminabit
2864 3304 2931 3354 te

514 3383 833 3447 Christus,
928 3384 1385 3446 Dormientem
1421 3383 1610 3445 audis
1642 3402 1793 3445 cum
1826 3382 1986 3445 dicit
2033 3403 2228 3464 surge
2274 3381 2387 3463 qui
2436 3381 2703 3443 dormis,
2796 3380 2928 3443 Sed

510 3480 846 3533 mortuum
882 3470 1176 3551 intellige
1208 3490 1356 3534 cum
1390 3472 1599 3545 audiS,
1629 3480 1699 3532 et
1743 3490 1997 3552 exurge
2043 3491 2082 3532 a
2116 3466 2462 3531 mortuis¹⁰
2555 3468 2731 3530 Dicti
2780 3477 2934 3528 sunt

513 3578 670 3638 sepe
731 3558 1139 3620 dormientes
1203 3559 1562 3620 morientes
1625 3557 1982 3631 visibiliter,
2045 3567 2110 3618 et
2173 3556 2370 3636 plane
2419 3575 2652 3617 omnes
2702 3556 2760 3615 ei
2817 3554 2928 3635 qui

513 3654 734 3726 potest
766 3646 1064 3707 excitare
1098 3646 1455 3707 dormiunt.
1551 3645 1859 3707 Mortuus
1890 3645 2068 3706 enim
2120 3642 2239 3705 tibi
2296 3651 2597 3704 mortuus
2646 3652 2765 3714 est,
2817 3641 2929 3721 qui

513 3731 1008 3812 quantumlibet
1097 3732 1431 3813 expulseS,
1522 3730 2017 3813 quantumlibet
2107 3729 2337 3806 lanieS,
2438 3728 2932 3811 quantumlibet

514 3818 822 3881 vellices:
872 3839 1004 3881 non
1041 3820 1544 3901 expergiscitur.
1640 3818 1905 3882 Christo
1937 3826 2160 3879 autem
2213 3816 2322 3879 ille
2369 3816 2781 3879 dormiebat:
2829 3816 2930 3877 cui

513 3906 764 3968 dictum
830 3915 931 3968 est
997 3906 1255 3987 Surge:
1332 3916 1399 3968 et
1461 3905 1782 3968 continuo
1843 3906 2147 3967 surrexit.
2242 3904 2462 3966 Nemo
2521 3912 2660 3966 tam
2743 3902 2932 3965 facile

514 3993 768 4055 excitat
801 3993 864 4054 in
902 3992 1090 4065 lecto,
1125 4013 1327 4074 quam
1362 3993 1554 4054 facile
1604 3991 1906 4056 Christus
1962 3993 2024 4054 in
2081 3990 2446 4072 sepulchro,
2539 3991 2706 4052 Tres
2755 3990 2930 4051 enim

514 4090 811 4142 mortuos
872 4081 1250 4142 inuenimus
1327 4101 1365 4141 a
1442 4079 1719 4142 domino
1796 4080 2219 4141 resuscitatos
2296 4077 2680 4140 visibiliter:
2755 4076 2934 4138 milia

511 4165 989 4230 inuisibiliter.¹l

613 4351 625 4381 ¹
663 4354 821 4428 lib-ro:
854 4355 965 4402 add.
997 4353 1074 4416 38.
1104 4367 1183 4416 43.
1435 4352 1457 4382 ²
1491 4353 1578 4403 Ca.
1615 4365 1675 4413 19
1698 4355 1756 4401 in
1781 4370 1846 4400 m.
1875 4352 1994 4412 [xix.
2031 4354 2198 4413 1-10.]
2515 4351 2535 4379 ¹
2569 4353 2794 4414 [11-25.]

610 4417 631 4513 ζ
665 4420 784 4478 [xlx.
822 4421 1020 4479 11-24,]
1431 4418 1452 4513 Ξ
1484 4436 1576 4466 om.
1607 4418 1685 4493 383
1864 4483 1874 4493 ⁸
2508 4417 2532 4509 ζ
2565 4419 2684 4465 Ex:
2709 4428 2792 4491 ps.
2819 4430 2895 4479 39.

663 4500 756 4531 om.
788 4496 865 4546 39.
1487 4485 1574 4533 Ca.
1611 4496 1629 4531 1
1662 4499 1717 4531 m
1742 4500 1807 4530 m.
1839 4483 1890 4541 [1.
1929 4484 2094 4543 1-14.]
2562 4482 2650 4530 Ca.
2682 4495 2709 4541 7
2738 4499 2792 4529 m
2819 4499 2884 4529 m.

618 4546 656 4577 ¹⁰
692 4550 823 4599 tuis:
868 4551 991 4598 add.
1022 4550 1079 4598 61
1428 4547 1461 4577 ¹¹
1505 4549 1578 4596 Te
1602 4548 1784 4596 deum:
1823 4550 1932 4597 add.
1965 4548 2044 4610 63.
