3293 5225
502 474 592 510 122
992 464 1222 513 FERIA
1275 465 1357 513 Vl.
1403 466 1842 514 DOMINICAE
1877 466 1986 514 DE
2019 465 2399 514 PASSJONE.

1090 691 1156 759 (Ι
1215 685 1435 747 Tertia
1466 685 1643 748 lectio
1674 686 2020 747 secundum
2053 683 2341 748 Lucam.¹

585 808 645 870 N
685 807 797 870 illo
830 819 1130 890 tempore
1163 810 1442 890 rogabat
1500 810 1719 872 Iesum
1777 809 2051 891 quidam
2107 810 2459 872 Phariseus
2509 820 2578 872 vt
2631 810 2910 872 mandu-

623 906 801 957 caret
833 915 981 957 cum
1017 895 1146 958 1110.
1239 896 1328 959 Et
1362 896 1627 976 reliqua.

1105 1082 1171 1150 (Ι
1218 1075 1300 1137 H
1295 1076 1516 1138 omilia
1547 1077 1761 1138 sancti
1792 1077 2286 1157 Gregorg‘jpcsse.

512 1198 943 1330 COgitanti
1001 1200 1160 1263 mihi
1208 1202 1292 1262 de
1348 1201 1559 1262 Marie
1617 1201 1988 1281 penitentia
2037 1200 2190 1263 flere
2239 1201 2452 1283 magis
2502 1200 2661 1263 libet
2710 1221 2909 1282 quam

679 1287 925 1368 aliquid
991 1289 1225 1350 dicere.
1319 1288 1524 1350 Cuius
1590 1288 1767 1350 enirn
1819 1289 1922 1350 vel
1975 1308 2255 1350 saxeum
2289 1298 2521 1368 pectus
2578 1288 2684 1349 ille
2717 1288 2909 1350 huius

508 1375 889 1455 peccatricis
939 1374 1278 1455 lachryme
1327 1376 1408 1436 ad
1464 1375 1851 1455 exemplum
1906 1375 2247 1456 penitendi
2304 1395 2435 1436 non
2492 1373 2914 1436 emolliuntss?

506 1460 970 1524 Considerauit
1002 1482 1292 1543 namque
1324 1464 1501 1543 quod
1533 1462 1702 1534 fecit,
1734 1473 1802 1524 et
1849 1461 2061 1523 noluit
2097 1462 2422 1524 moderari
2450 1461 2610 1543 quid
2647 1461 2905 1523 faceret.

511 1548 725 1629 Super
769 1548 1230 1610 conuiuantes²³
1279 1550 1575 1631 ingressa
1623 1560 1742 1625 est,
1786 1570 1915 1610 non
1975 1550 2149 1610 iussa
2199 1551 2418 1610 venit:
2467 1551 2636 1610 inter
2683 1548 2913 1630 epulas

509 1635 882 1715 lachrymas
929 1634 1186 1698 obtulit.
1280 1635 1533 1699 Discite
1587 1656 1722 1717 quo
1775 1635 2003 1698 dolore
2058 1636 2283 1697 ardet:
2330 1656 2460 1716 que
2509 1635 2663 1696 flere
2712 1636 2912 1697 etiam

509 1724 677 1785 inter
707 1723 937 1802 epulas
969 1743 1099 1784 non
1136 1721 1479 1786 erubescit.
1577 1723 1772 1784 Hanc
1805 1743 1961 1785 vero
1997 1742 2194 1803 quam
2235 1724 2447 1784 Lucas
2483 1723 2911 1804 peccatricem

510 1809 870 1884 mulierem,
967 1810 1250 1871 Ioannes
1346 1811 1628 1872 Mariam
1723 1811 2042 1880 nominat,
2134 1809 2312 1871 illam
2404 1830 2548 1871 esse
2628 1809 2909 1871 Mariam

509 1896 855 1971 credimuS,
887 1897 970 1958 de
1002 1916 1134 1977 qua
1170 1896 1436 1958 Marcus
1469 1908 1725 1978 septem
1761 1896 2074 1958 demonia
2106 1899 2314 1959 eiecta
2362 1896 2559 1958 fuisse
2615 1905 2916 1969 testatur,

507 1994 574 2045 et
622 1983 780 2063 quid
839 2004 953 2065 per
1006 1994 1259 2065 septem
1312 1985 1672 2046 demones:
1719 1984 1843 2046 nisi
1897 1985 2202 2045 vniuersa
2251 1984 2412 2046 vitia
2465 1983 2913 2065 designantur.

514 2069 689 2150 Quia
721 2071 897 2131 enim
960 2081 1216 2150 septem
1253 2070 1484 2132 diebus
1517 2091 1717 2132 omne
1750 2082 2016 2150 tempus
2066 2071 2691 2151 comprehenditur:
2740 2079 2915 2130 recte

512 2159 888 2236 septenario
920 2177 1195 2219 numero
1227 2158 1618 2220 vniuersitas
1653 2157 1986 2239 figuratur.
2082 2156 2355 2237 Septem
2392 2177 2549 2237 ergo
2603 2156 2914 2219 demonia

518 2244 729 2305 Maria
792 2243 1041 2316 habuit,
1102 2264 1230 2325 que
1284 2246 1602 2306 vniuersis
1658 2243 1834 2324 vitijs
1886 2245 2080 2325 plena
2136 2245 2271 2307 suit.
2365 2244 2497 2308 Sed
2553 2264 2705 2306 ecce
2760 2244 2915 2324 quia

513 2330 942 2411 turpitudinis
974 2351 1090 2392 sue
1125 2331 1417 2393 maculas
1450 2332 1735 2413 aspexit,
1771 2331 2057 2393 lauanda
2084 2333 2166 2393 ad
2193 2331 2445 2393 fontem
2474 2330 2917 2393 misericordie

513 2418 813 2490 cucurrit,
890 2418 1354 2480 conuiuantes*
1427 2439 1559 2480 non
1635 2418 1914 2480 erubuit.
2039 2420 2214 2480 Nam
2277 2420 2431 2499 quia
2494 2419 2916 2499 semetipsam

512 2506 801 2586 grauiter
845 2504 1273 2567 erubescebat
1337 2506 1556 2567 intus:
1605 2504 1765 2566 nihil
1821 2525 1964 2567 esse
2005 2505 2285 2567 credidit
2333 2507 2510 2586 quod
2562 2504 2921 2585 verecund-

513 2602 733 2654 aretur
765 2590 937 2655 foriS.
1029 2590 1209 2674 Quid
1244 2592 1444 2676 igitur
1469 2593 1787 2655 miramur
1820 2592 2097 2656 fratres?
2192 2592 2475 2655 Mariam
2527 2592 2924 2666 venientem,

512 2699 594 2739 an
618 2678 964 2747 dominum
992 2681 1463 2761 suscipientem
1491 2686 1516 2742 ?
1595 2680 2110 2761 Suscipientem5
2131 2682 2369 2756 dicam,
2390 2701 2473 2741 an
2498 2680 2869 2743 trahentem
2892 2685 2919 2741 ?

515 2766 647 2828 Sed
683 2767 917 2828 melius
966 2769 1183 2829 dicam
1237 2767 1631 2843 trahentem,
1687 2777 1754 2829 et
1802 2767 2286 2848 suscipientem.
2381 2767 2556 2848 Quia
2611 2767 2919 2828 nimirum

514 2854 653 2934 ipse
684 2874 831 2915 eam
866 2852 1006 2935 per⁶
1040 2854 1552 2917 misericordiam
1587 2855 1797 2917 traxit
1830 2855 2025 2931 intus,
2050 2854 2161 2934 qui
2195 2875 2310 2935 per
2344 2854 2920 2916 mansuetudinem

513 2941 802 3021 suscepit
838 2939 1035 3002 soris,7

1601 3110 1844 3173 Oratio,

530 3223 843 3350 PResta
905 3242 1265 3305 quesumus
1314 3223 1738 3304 omnipotens
1795 3223 2022 3284 Deus:
2072 3232 2140 3284 vt
2191 3222 2482 3302 dignitas
2530 3221 2928 3283 conditionis

677 3309 967 3372 humane
999 3329 1115 3392 per
1147 3309 1726 3371 immoderantiam
1751 3310 2064 3383 sauciata,
2088 3308 2500 3371 medicinalis
2526 3308 2925 3390 parsimonie

513 3398 737 3459 studio
771 3397 1159 3459 reformetur
1187 3419 1199 3457 :
1248 3417 1365 3477 per
1387 3397 1754 3459 dominum.

1065 3572 1131 3640 (Ι
1177 3566 1375 3627 Fert‘a
1407 3566 1508 3628 ,ντὶ
1541 3587 1619 3627 ex
1645 3565 1967 3628 Ieremia.8
2055 3565 2274 3628 Lectio
2302 3568 2364 3647 j.

592 3690 717 3751 *T
752 3689 955 3752 dixit⁹
974 3690 1285 3752 dominus
1335 3689 1419 3752 ad
1458 3711 1562 3751 me
1593 3714 1605 3753 :
1641 3690 1925 3752 Inuenta
1958 3701 2058 3752 est
2091 3691 2460 3752 coniuratio
2595 3690 2715 3751 tibi
2748 3689 2923 3751 enim

705 3777 987 3839 reuelaui
1022 3797 1291 3840 causam
1330 3797 1569 3839 meam.

1064 3951 1130 4019 (Ι
1181 3945 1546 4008 Secundum
1579 3943 1964 4007 Marcum&
2053 3945 2264 4008 Lectio
2295 3945 2380 4027 ·²J'·

535 4073 798 4201 ERat
857 4083 1081 4172 autem
1146 4073 1395 4155 pascha
1454 4083 1521 4136 et
1581 4094 1821 4153 azyma
1885 4083 2036 4155 post
2084 4074 2400 4137 biduum:
2445 4085 2512 4135 et
2562 4072 2930 4154 querebant

705 4181 948 4223 summ1
982 4160 1359 4223 sacerdotes
1511 4160 1830 4223 Similiter
1861 4173 2084 4224 autem
2119 4171 2185 4223 et
2218 4180 2452 4223 omnes
2483 4159 2810 4223 dicebant.

620 4329 632 4358 ¹
671 4332 758 4380 Ca.
791 4341 834 4391 7.
866 4332 923 4378 iu
948 4348 1011 4378 m.
1269 4327 1291 4359 ²
1324 4330 1611 4380 emolliant:
1651 4343 1728 4392 39.
1758 4343 1836 4391 41.
1867 4330 1944 4379 60.
1975 4329 2054 4379 61.
2279 4328 2301 4359 ³
2332 4329 2678 4378 conuitanles:
2716 4328 2794 4376 66.

616 4395 634 4424 ⁴
667 4412 718 4443 so
740 4395 818 4444 66.
1271 4393 1292 4423 ³
1322 4412 1415 4444 om.
1445 4408 1523 4458 43.
1892 4393 1913 4424 ⁶
1944 4411 2036 4443 om.
2069 4394 2146 4458 38.

615 4460 634 4491 ⁷
670 4461 922 4510 Miserere.
954 4471 1030 4524 50.
1060 4462 1170 4509 add.
1200 4459 1279 4523 63.
1896 4458 1918 4489 ⁸
1950 4460 2038 4510 Ca.
2075 4473 2146 4508 ιι.
2178 4461 2236 4508 in
2259 4477 2324 4508 m.
2354 4459 2440 4520 [xi.
2470 4461 2642 4522 9—20.]

613 4524 634 4553 ¹⁸
668 4525 801 4575 dixi:
838 4525 916 4574 66.
1867 4523 1907 4555 ¹⁰
1940 4526 2027 4575 Ca.
2065 4537 2136 4585 14.
2169 4527 2225 4573 in
2251 4542 2314 4573 m.
2345 4524 2464 4585 [xiv.
2502 4526 2668 4586 1-31.]
