3293 5225
666 334 762 385 334
1562 323 1616 370 S.
1658 320 1891 370 LINUS
1922 321 2134 369 PAPA.
2796 321 2982 380 [Si-:mx
3024 335 3083 385 23.

670 474 864 538 ficare
908 476 973 537 in
1010 473 1432 537 Sedunorum
1470 473 1712 537 finibus
1744 474 1884 555 (qui
1919 473 2148 555 populi
2183 484 2338 537 sunt
2371 474 2436 535 in
2470 472 2734 555 Gallia)
2772 476 3085 537 iussisset:

670 563 1146 625 Thebanorum
1184 562 1376 642 legi0,
1410 583 1592 643 que
1573 584 1613 624 a
1645 562 1897 623 Thebis
1932 560 2252 644 Egyptijs
2290 561 2491 622 missa
2526 561 2773 636 fuerat,
2780 564 2799 597 ¹
2850 563 3090 644 reliquo

669 651 936 732 agmine
960 671 1038 711 ne
1062 649 1286 730 impijs
1307 650 1644 730 sacrificijs
1670 650 2035 723 interesset,
2063 648 2382 711 discessit.
2436 647 2594 730 Quo
2617 650 3089 712 animaduerso

675 738 1131 816 Maximianus
1167 737 1633 799 denuntiatum
1669 737 1763 798 eis
1797 737 2003 798 mittit
2037 745 2105 797 vt
2138 736 2192 797 si
2231 755 2302 797 se
2356 734 2581 797 saluos
2638 757 2797 798 esse
2856 737 3091 810 velint?

673 827 974 906 protinus
1009 826 1072 885 in
1109 833 1323 886 castra
1356 825 1630 887 redeant
1661 825 1746 885 ad
1782 823 2115 885 sacrificia.
2214 820 2360 885 Ille3
2392 843 2462 883 se
2496 823 2945 886 Christianos
2975 847 3093 887 esse

672 912 1096 991 respondent,
1115 921 1183 974 et
1208 933 1246 973 a
1270 911 1512 974 talibus
1535 910 1875 991 sacrificijs
1896 910 2231 992 religione,
2253 930 2291 970 a
2316 930 2448 990 qua
2471 912 2760 974 minime
2782 912 2920 974 sibi
2943 925 3093 975 esset
3160 979 3161 984 γ

672 999 1171 1073 discedendum,
1224 999 1576 1079 prohiberi,
1626 997 1934 1079 proinde*
1994 998 2482 1078 imperatorem,
2534 1018 2639 1074 ne,
2693 1000 2897 1080 quod
2963 1002 3092 1082 ipsi<
3160 1061 3161 1072 ,

674 1086 860 1148 nefas
891 1095 1081 1161 esset,
1126 1087 1498 1167 imperaret.
1591 1085 1783 1147 Tunc
1835 1085 2295 1146 Maximianus
2344 1085 2667 1146 maiorem
2722 1087 2910 1149 iram
2962 1087 3094 1149 odio

673 1173 853 1254 quod
889 1174 952 1235 in
987 1173 1382 1235 christianos
1412 1173 1714 1254 gerebat,
1747 1182 2165 1252 suggerente,
2198 1171 2582 1242 Thebanos
2640 1176 2765 1254 qui
2829 1195 3095 1237 numero
3160 1205 3161 1238 ι

674 1269 861 1323 erant
923 1262 1006 1322 ad
1061 1282 1180 1322 sex
1218 1260 1399 1322 milia
1451 1260 1753 1322 sexcenti
1805 1260 2163 1340 sexaginta
2216 1279 2356 1333 sex,
2413 1259 2744 1336 immisso,
2806 1264 3095 1324 exercitu
3160 1295 3161 1298 κ

677 1368 884 1431 penas
945 1350 1104 1410 dare
1168 1348 1369 1422 iubet,
1429 1348 1693 1409 decimo
1758 1366 2025 1427 quoque
2087 1346 2435 1409 trucidato,
2553 1345 2794 1426 Quam
2870 1371 3094 1432 penam

675 1433 879 1497 semel
912 1444 978 1496 et
1012 1436 1250 1498 iterum
1284 1398 1622 1496 ch’ristiani
1657 1433 1875 1495 subire
1924 1443 1991 1495 ct
2047 1431 2318 1514 quidem
2370 1432 2659 1496 libenter
2717 1438 3098 1499 maluerunt

676 1532 908 1584 autore
946 1522 1281 1596 Mauriti0,
1313 1542 1512 1603 quam
1551 1521 1759 1603 impia
1793 1523 2120 1603 imperata
2152 1519 2386 1583 facere.
2483 1521 2858 1585 Postremo
2900 1525 3097 1586 Maxi-

678 1609 902 1670 miano
936 1630 1066 1672 non
1106 1610 1354 1671 serente
1387 1609 1901 1670 christianorum
1936 1609 2401 1679 constantiam,
2435 1609 2733 1671 Vniuersi
2776 1632 2823 1672 a
2865 1611 3098 1693 reliquo

674 1696 970 1758 exercitu
1007 1697 1178 1758 illius
1224 1697 1501 1777 imperio
1550 1695 2005 1757 conciduntur.
2098 1695 2188 1757 Et
2239 1696 2330 1756 sic
2384 1694 2897 1760 Thebanorum
2954 1700 3100 1782 legio

676 1784 761 1845 ad
794 1782 1105 1845 celestem
1142 1784 1446 1846 militiam
1481 1783 1952 1864 commigrauit
1985 1783 2247 1844 decimo
2279 1781 2597 1845 calendas
2634 1783 2996 1849 Octobris

1758 2010 2002 2075 Oratio,

685 2167 1026 2295 ANnue
1058 2186 1419 2248 quesumus
1451 2166 1881 2247 omnipotens
1921 2166 2103 2240 deuS,
2157 2176 2226 2228 vt
2280 2177 2670 2230 sanctorum
2733 2185 3105 2253 martyrum
3160 2235 3161 2244 ,

855 2265 1118 2317 tuorum
1158 2253 1463 2333 Mauricij
1499 2264 1567 2315 et
1600 2254 1929 2315 sociorum
1967 2254 2128 2328 eiuS,
2161 2274 2283 2315 nos
2316 2252 2588 2317 letificet
2616 2256 2887 2321 festina
2915 2262 3105 2322 solen

679 2341 853 2489 r113itas
900 2351 966 2403 et
1013 2361 1294 2422 quorum
1345 2338 1678 2421 suffragijs
1728 2341 2016 2415 nitimur,
2061 2361 2291 2403 eorum
2341 2342 2678 2423 natalicijs
2730 2346 3106 2428 gloriemur
3160 2411 3161 2416 γ

735 2448 820 2492 er.

1282 2605 1349 2676 (I
1395 2599 1609 2663 Linus
1624 2611 1806 2682 papa
1840 2610 2107 2681 martyr.
2200 2600 2412 2665 Lectio
2448 2601 2569 2684 1’3‘725

693 2750 974 2877 LInus
1022 2769 1196 2831 papa
1244 2748 1514 2809 natione
1562 2757 1790 2809 tuscus
1822 2747 1907 2809 ab
1940 2747 2177 2810 vltimo
2215 2748 2501 2810 Neronis
2535 2770 2722 2813 anno
2765 2774 3000 2835 Vsque
3042 2755 3109 2815 ad

839 2836 1234 2918 Vespasiani
1261 2844 1566 2916 tempora
1592 2833 2054 2916 pontificatum
2092 2836 2343 2916 primus
2378 2847 2527 2918 post
2564 2837 2858 2902 Petrum
2896 2844 3109 2923 gessit.

682 2925 991 2986 hortante
1024 2922 1109 2984 ad
1146 2922 1210 2984 id
1246 2922 1643 2984 humilitatis
1679 2922 1891 3003 gratia
1927 2921 2289 2995 Clemente,
2325 2923 2434 3004 qui
2479 2934 2763 3004 quartus
2826 2949 2870 2989 a
2934 2930 3113 2991 Petro
3160 2940 3161 2999 Ῑ

684 3011 924 3094 prefuit
978 3009 1266 3071 ecclesie.
1382 3008 1713 3089 Quamuis
1765 3009 1944 3070 enim
1982 3010 2120 3090 ipse
2153 3030 2192 3070 a
2225 3020 2414 3091 petro
2461 3012 2585 3072 sibi
2618 3014 3113 3078 successorem*
3160 3040 3161 3045 ¹

683 3098 912 3160 suisset
973 3096 1345 3158 destinatus
1425 3115 1507 3158 ne
1569 3105 1792 3158 tamen
1857 3095 2190 3158 videretur
2249 3096 2601 3159 ambitiose
2663 3120 2882 3180 agere
2959 3105 3115 3167 Lino

683 3185 969 3267 primum
1032 3185 1244 3258 cessit,
1290 3183 1530 3245 deinde
1593 3182 1804 3257 Cleto,
1856 3182 2063 3245 Linus
2116 3184 2315 3266 igitur
2365 3203 2515 3246 cum
2577 3184 2685 3248 dei
2753 3190 3113 3253 ecclesiam

679 3272 1094 3333 sanctissime
1148 3270 1601 3332 moderaretur
1660 3270 1943 3332 instituit
2005 3290 2087 3332 ne
2146 3290 2278 3351 qua
2352 3272 2585 3334 mulier
2657 3275 2787 3335 nisi
2872 3276 3116 3341 velata?

680 3359 899 3440 capite
949 3357 1274 3439 templum
1326 3357 1791 3435 ingrederetur.
1910 3356 2233 3437 Idemque
2266 3379 2367 3420 res
2399 3370 2624 3438 gestas
2682 3361 2876 3426 beati
2930 3366 3116 3437 Petri,

682 3446 1024 3528 presertim
1072 3455 1303 3506 contra
1353 3444 1695 3505 Simonem
1750 3445 2025 3525 Magum
2058 3443 2411 3525 diligenter
2444 3449 2858 3530 perscripsit,
2893 3452 3115 3515 Tanta

682 3542 823 3595 erat
856 3532 1050 3593 huius
1083 3532 1200 3592 viri
1234 3530 1553 3593 sanctitas
1584 3541 1651 3593 et
1685 3530 1865 3605 fides,
1897 3543 1966 3593 vt
2000 3551 2132 3592 non
2184 3532 2401 3594 solum
2450 3534 2776 3597 demones
2834 3538 3118 3622 fugaret,

681 3622 796 3682 sed
850 3630 1145 3681 mortuos
1194 3619 1394 3681 etiam
1446 3619 1507 3679 in
1541 3619 1750 3680 vitam
1801 3619 2157 3680 reduceret.
2251 3618 2384 3682 Sed
2418 3619 2772 3684 hominum
2810 3630 3117 3698 cecitate,

681 3707 1030 3786 cordisque
1062 3705 1305 3767 duritia
1339 3705 1583 3767 factum
1618 3716 1738 3779 est,
1769 3715 1839 3766 vt
1871 3725 1911 3766 a
1933 3704 2296 3768 Saturnino
2317 3708 2606 3782 consule,
2627 3711 2825 3772 cuius
2849 3713 3117 3778 filiama

683 3792 1082 3855 demonibus
1116 3792 1512 3854 liberauerat
1544 3791 1810 3874 capitali
1845 3793 2169 3874 supplicio
2190 3794 2280 3856 ob
2325 3794 2549 3855 christi
2598 3795 2809 3860 fidem
2864 3802 3115 3865 afficer-

683 3891 845 3943 etur.
939 3878 1258 3961 Sepultus
1288 3889 1388 3941 est
1422 3889 1645 3940 autem
1683 3880 1873 3941 iuxta
1911 3879 2086 3941 beati
2126 3881 2300 3943 Petri
2348 3901 2588 3963 corpus
2636 3884 2751 3947 jx.
2798 3889 3119 3952 calendas

688 3967 999 4030 Octobris
1030 3987 1180 4028 cum
1216 3966 1495 4028 sedisset
1526 3986 1736 4028 annos
1769 3966 1875 4029 .xi.
1910 3986 2170 4029 menses
2201 3968 2304 4048 ,iij.
2338 3969 2478 4030 dies
2509 3969 2644 4050 .xij.

775 4178 790 4208 ¹
828 4195 892 4227 a.
930 4178 1039 4226 add.
1071 4190 1148 4240 39.
1178 4186 1271 4226 etc.
1983 4175 2193 4227 ²velit:
2230 4192 2309 4242 43.

774 4243 794 4271 ‘
836 4244 976 4292 Thus
997 4245 1100 4291 also
1123 4243 1200 4306 38.
1278 4242 1391 4292 Illi·
1430 4255 1507 4305 39.
1537 4251 1630 4291 etc.
1989 4242 2268 4307 “precari:
2304 4246 2414 4294 add.
2446 4258 2523 4307 39.
2554 4255 2649 4296 etc.

775 4308 793 4337 ⁵
827 4308 923 4357 die.
955 4321 1031 4371 23.
1063 4325 1120 4356 m
1146 4325 1210 4357 m.
1986 4305 2007 4337 ⁶
2041 4324 2331 4359 successor.
2370 4322 2445 4372 39.
2477 4319 2571 4361 etc.

773 4373 793 4405 ⁷
837 4374 976 4422 Thus
998 4376 1100 4422 also
1124 4372 1200 4437 38.
1231 4374 1429 4423 velato:
1468 4385 1545 4436 39.
1575 4381 1671 4423 ete.
