3293 5225
486 480 556 524 44
1130 464 1511 513 DOMINICA
1552 465 1791 512 PRIMA
1829 465 2259 514 ADVENTUS.

480 629 898 699 preterquam
932 640 974 679 a
1019 619 1344 680 dominica
1377 618 1859 679 resurrectionis·
1910 638 2104 700 vsque
2153 618 2251 679 ad
2284 615 2752 681 ascensionem}
2785 638 2907 697 quo

497 716 767 786 tempore
796 726 1019 767 earum
1052 706 1177 766 loco
1207 706 1519 767 dicuntur
1546 704 1984 786 infmscm‘pta.

652 818 869 898 ligina
924 817 1045 879 celi
1095 816 1300 880 letare
1347 816 1674 878 halleluia.
1786 815 1963 897 Quia
2023 837 2221 898 quem
2301 817 2595 880 meruisti
2642 828 2907 898 portare

674 904 998 966 halleluia.
1094 905 1487 966 Resurrexit
1532 905 1700 966 sicut
1733 904 1908 966 dixit
1946 904 2271 967 halleluia.
2364 904 2503 968 Ora
2551 923 2670 986 pro
2719 904 2906 966 nobis

492 991 695 1052 deum
733 992 1059 1054 halleluia.
1806 986 1828 1018 ¹

1393 1077 1718 1142 Oremus:
1771 1077 2016 1142 Oratio.

504 1191 614 1318 s*
640 1191 905 1252 Ratiam
993 1200 1176 1253 tuam
1212 1210 1572 1272 quesumus
1626 1190 1898 1252 domine
1945 1191 2279 1253 mentibus
2334 1190 2577 1252 nostris
2632 1187 2906 1252 infunde

564 1268 629 1319 J
667 1290 731 1340 vt
811 1278 921 1359 qui
985 1277 1225 1359 angelo
1287 1278 1646 1340 nunciante
1709 1276 1953 1341 Christi
2031 1277 2143 1359 filij
2209 1278 2304 1339 tui
2381 1277 2904 1340 incarnationem

491 1365 953 1446 cognouimus‚
1007 1385 1124 1446 per
1176 1366 1557 1447 passionem
1620 1366 1779 1441 eiuS,
1824 1375 1892 1427 et
1940 1385 2222 1440 crucem,
2272 1364 2357 1426 ad
2416 1365 2906 1426 resurrectionis

495 1451 777 1533 gloriam
815 1452 1255 1534 perducamur
1287 1472 1403 1534 per
1432 1452 1722 1514 eundem
1772 1451 2110 1515 Christum
2169 1452 2537 1514 Dominum
2588 1463 2906 1514 nostrum.

498 1539 1011 1620 Responsorium.
1063 1537 1331 1603 Αιτιεηῖ3
1425 1539 1748 1601 Diuinum
1783 1539 2127 1601 auxilium.
2176 1549 2280 1601 etc.

629 1655 692 1724 {I
731 1649 1080 1713 Sciendum
1111 1651 1287 1732 quod
1306 1650 1539 1729 hymni
1560 1660 1762 1731 supra
1805 1650 2135 1732 assignati
2179 1650 2277 1713 ad
2284 1650 2597 1731 primam,
2629 1651 2908 1723 tertiam,

494 1758 595 1798 sea
610 1748 762 1812 tam,
809 1759 1063 1815 nouam,
1108 1748 1169 1800 et
1210 1737 1700 1818 completorium,
1746 1758 1979 1801 necnon
2024 1737 2356 1800 orationes
2407 1737 2698 1800 Domine
2744 1737 2906 1798 deus

498 1826 942 1905 omnipotens
1002 1826 1098 1887 ad
1127 1826 1443 1906 primam,
1502 1835 1566 1886 et
1621 1825 1844 1887 Visita
1893 1845 2255 1906 quesumus
2304 1825 2401 1886 ad
2439 1824 2907 1905 completorium

499 1933 830 1993 nunquam
894 1922 1238 1974 mutantur
1317 1912 1384 1974 in
1447 1922 1570 1974 toto
1642 1933 1832 1988 ann0,
1875 1923 2293 1993 preterquam
2356 1911 2426 1973 in
2487 1912 2704 1973 triduo
2763 1920 2912 1973 ante

482 1998 744 2079 pascha.

629 2092 694 2159 (Ι
730 2085 1110 2147 Notandum
1157 2087 1332 2166 quod
1364 2098 1489 2167 per
1538 2097 1739 2148 totum
1788 2108 2056 2161 annum,
2095 2095 2511 2167 preterquam
2567 2085 2636 2146 in
2692 2086 2908 2147 triduo

498 2183 647 2234 ante
696 2172 954 2253 pascha,
1004 2183 1139 2234 tam
1201 2173 1271 2234 in
1332 2173 1673 2235 dominicis
1720 2195 1916 2255 quam
1964 2174 2034 2235 in
2079 2174 2300 2253 ferijs,
2348 2183 2409 2235 et
2437 2171 2640 2251 festis
2690 2172 2911 2234 diebus

497 2270 744 2340 semper
796 2259 946 2321 hore
1005 2260 1314 2322 dicuntur
1357 2260 1582 2322 ordine
1643 2261 1713 2322 in
1762 2261 1882 2321 stac
1940 2262 2168 2342 prima
2220 2260 2544 2322 dominica
2589 2260 2911 2322 aduentus

497 2347 811 2426 explicato,
904 2347 1209 2427 Exempli
1223 2346 1470 2427 gratia,
1502 2357 1573 2410 vt
1600 2348 1699 2409 ad
1721 2348 2118 2411 matutinum
2153 2348 2575 2428 infi‘ascripta
2606 2346 2913 2408 dicantur

484 2444 609 2513 per
636 2434 942 2496 ordinem.
1009 2434 1204 2496 Pater
1235 2444 1476 2497 noster.
1569 2434 1721 2497 Aue
1757 2435 1986 2497 Maria.
2079 2434 2421 2498 Confiteor
2457 2454 2609 2496 cum
2645 2434 2905 2495 absolu-

499 2521 680 2582 tione
717 2521 1007 2583 Domine
1041 2520 1234 2584 labia.
1329 2520 1512 2584 Deus
1560 2523 1625 2583 in
1675 2522 2093 2585 adiutorium.
2212 2521 2548 2584 Halleluia
2580 2520 2687 2582 vel
2727 2520 2907 2583 Laus

500 2607 616 2670 tibi
698 2607 968 2670 domine
1041 2607 1516 2672 Inuitatorium
1579 2631 1724 2672 cum
1786 2610 2059 2691 psalmo,
2194 2608 2443 2672 Venite
2503 2609 2904 2671 exultemus,

500 2716 732 2757 rursus
761 2695 1249 2759 Inuitatorium.
1341 2697 1664 2776 Hymnus,
1782 2700 1839 2759 A
1851 2697 2159 2778 ntipltona
2212 2706 2341 2758 tres
2377 2696 2631 2777 psalmi
2679 2717 2910 2757 rursus

494 2782 849 2862 antiphona
926 2783 1179 2864 integra
1260 2783 1452 2846 Pater
1528 2782 1794 2847 noster.⁸
1951 2784 2108 2846 Tres
2178 2784 2468 2846 lectiones
2539 2804 2681 2845 cum
2770 2783 2911 2844 suis

496 2868 1027 2932 benedictionibus
1056 2879 1120 2931 et
1147 2871 1251 2933 Tu
1284 2880 1527 2934 autem.
1636 2871 1737 2933 Te
1782 2871 1982 2934 deum
2018 2871 2381 2933 laudamuS.
2428 2870 2537 2933 vel
2577 2870 2907 2932 Miserere.

498 2956 752 3018 Deinde
794 2957 1019 3019 statim
1069 2957 1167 3019 ad
1210 2958 1434 3020 laudes
1489 2959 1674 3020 Deus
1736 2960 1800 3020 in
1863 2959 2265 3020 adiutorium
2317 2957 2697 3039 Antiphona
2755 2957 2911 3018 Tres

482 3044 735 3122 psalmi
803 3066 944 3105 eum
1019 3045 1258 3107 cantico
1335 3044 1752 3108 Benedictus
1888 3045 2151 3108 Rursus
2223 3044 2576 3126 antiphona
2650 3046 2907 3125 integra

499 3130 788 3192 Domine
820 3132 1068 3193 exaudi
1102 3133 1488 3195 orationem.
1604 3132 1843 3197 Oratio
1875 3152 2025 3195 cum
2084 3131 2789 3195 cormnemorationibus
2833 3131 2910 3192 de

494 3216 676 3278 beata
729 3219 1001 3299 virgine.
1050 3228 1155 3281 etc.
1204 3220 1341 3280 nisi
1403 3220 1541 3282 sint
1596 3220 1954 3295 omittende,
2015 3229 2091 3281 vt
2143 3229 2342 3300 supra
2404 3218 2906 3281 Benedicamus.

495 3303 549 3365 F
554 3304 842 3367 idelium.
889 3317 991 3368 etc.

622 3398 687 3465 {l
719 3391 884 3455 Item
958 3393 1057 3455 ad
1135 3392 1462 3470 Primam,
1535 3394 1653 3455 ad*
1751 3394 2055 3467 Tertiam,
2123 3394 2410 3467 Sextum,
2475 3392 2760 3465 Nonam,
2849 3401 2912 3452 et

514 3477 830 3559 Vesperas.
944 3480 1141 3542 Pater
1202 3491 1441 3544 noster.
1554 3481 1708 3543 Aue
1773 3480 2004 3544 Maria.
2126 3479 2311 3542 Deus
2372 3480 2437 3541 in
2499 3478 2902 3542 adiutorium

490 3575 596 3627 etc.
656 3576 912 3630 seruato
971 3567 1197 3629 ordine
1257 3567 1325 3629 in
1385 3566 1645 3629 eisdem⁵
1704 3566 1884 3629 horis
1941 3576 2238 3631 contenta.
2372 3566 2537 3629 Item
2598 3566 2696 3627 ad
2745 3587 2904 3628 com·

471 3652 846 3732 pletorium.
943 3654 1140 3716 Pater
1170 3665 1413 3719 noster.
1505 3654 1661 3717 Aue
1697 3654 1923 3717 Maria.
2019 3652 2354 3718 Conuerte
2388 3673 2526 3718 nos,
2620 3652 2805 3715 Deus
2839 3654 2902 3714 in

496 3739 899 3802 adiutorium
935 3752 1039 3803 etc.
1074 3750 1149 3803 vt
1179 3741 1247 3803 in
1278 3740 1497 3804 eadem
1528 3741 1689 3803 liora
1717 3742 2089 3804 continetur.

589 3974 603 4003 ¹
644 3984 994 4038 pentecosten:
1033 3988 1110 4037 39.
1140 3988 1219 4036 41.
1813 3974 1836 4004 '²
1882 3977 2093 4024 Versus:
2126 3977 2237 4024 add.
2269 3988 2345 4038 39.
2370 3989 2448 4036 41.
2479 3975 2559 4024 61.

586 4038 606 4067 ³²
642 4041 750 4089 Aue
780 4040 939 4089 Maria
959 4041 1150 4102 gratia:
1187 4042 1296 4089 add
1323 4040 1400 4089 61.
1812 4039 1833 4069 ⁴
1865 4057 1957 4089 om.
1989 4041 2067 4104 38.
2100 4051 2191 4090 etc.
2481 4039 2502 4068 ³
2534 4042 2783 4090 ciusdem:
2821 4042 2900 4090 61.
