3293 5225
514 475 612 541 308
1003 477 1096 528 SS.
1125 476 1237 526 NE
1244 476 1431 525 MESJ
1433 476 1522 528 US
1541 477 1595 526 E
1604 476 1656 525 T
1652 477 1708 527 C.
1794 477 2120 529 VINCULA
2145 477 2200 526 S.
2231 476 2330 525 PE
2339 475 2390 524 T
2380 476 2475 525 RJ.
2686 477 2857 538 [Auo.
2887 487 2932 525 1.

1606 680 1853 746 Oratio.

522 792 1058 924 OMnipotens
1118 791 1632 856 clementissime
1687 792 1894 857 deus:
1956 794 2141 856 cuius
2191 792 2364 857 filius
2424 793 2490 856 in
2553 791 2676 856 ede
2736 793 2937 856 beate

701 880 966 943 Marthe
997 880 1317 962 hospitari
1350 880 1665 962 dignatus
1699 890 1818 956 est,
1849 879 1963 943 dal
1996 901 2357 962 quesumus
2388 890 2462 943 vt
2508 881 2650 944 eius
2682 880 2938 943 meritis

518 987 647 1049 que
693 966 877 1030 illum
925 967 1186 1049 placide
1231 968 1541 1049 suscepit,
1586 967 1654 1030 in
1702 970 1826 1030 ede
1872 968 2178 1050 polorum
2228 967 2739 1031 misericorditer
2781 967 2935 1029 hos·

521 1054 716 1138 pitari
748 1055 1121 1117 valeamus:
1154 1074 1271 1137 per
1300 1054 1631 1118 eundum:
1664 1064 1785 1118 etc,

837 1199 904 1268 (Ι
934 1192 1281 1256 Nemesius
1307 1201 1372 1254 et
1398 1190 1656 1255 Lucilla
1687 1189 2047 1272 martyres?
2133 1192 2348 1256 Lectio
2377 1192 2590 1256 tertia.

526 1304 1001 1434 VAlerianO,
1033 1313 1100 1367 et
1148 1303 1455 1368 Gallieno
1487 1302 1996 1387 imperatoribus
2031 1305 2091 1367 N
2098 1305 2383 1367 emesius
2404 1304 2731 1367 ‘tribunus
2769 1304 2939 1366 mili-

690 1402 852 1464 tum,
883 1400 951 1454 et
1000 1391 1259 1454 Lucilla
1289 1393 1430 1454 eius
1479 1390 1610 1453 filia
1646 1392 1864 1454 Rome
1897 1413 1937 1454 a
1982 1403 2218 1454 sancto
2250 1391 2598 1474 Stephano
2629 1412 2803 1473 papa
2850 1392 2940 1453 ad

526 1479 721 1543 fidem
751 1478 993 1543 Christi
1018 1479 1337 1554 conuersi,
1358 1488 1426 1541 et
1456 1478 1779 1561 baptizati
1811 1488 1967 1541 sunt
2001 1478 2351 1542 Nemesius
2374 1499 2531 1541 vero
2556 1478 2755 1561 paulo
2790 1488 2941 1560 post

524 1567 611 1630 ab
635 1566 870 1629 eodem
905 1564 1224 1628 diaconus
1248 1564 1594 1628 ordinatus
1620 1566 1786 1627 mira
1818 1567 2067 1647 pietate
2090 1565 2406 1628 christum
2431 1565 2707 1647 eiusque
2737 1563 2940 1628 fidem

521 1653 802 1717 colebat.
897 1654 963 1716 Is
993 1672 1145 1714 cum
1177 1651 1539 1734 aliquando
1579 1652 1944 1728 MaximuS,
1975 1664 2041 1716 et
2074 1652 2467 1716 Valerianus
2497 1652 2800 1715 consules
2829 1652 2940 1714 via

525 1740 771 1824 Appia,
802 1759 933 1822 qua
973 1739 1113 1821 ipse
1159 1740 1485 1802 transibat
1519 1739 1582 1800 in
1632 1740 1887 1821 templo
1922 1740 2158 1802 Martis
2204 1739 2666 1816 sacrificarent,
2696 1738 2943 1802 sacrifi-

522 1828 696 1891 cium
743 1827 1167 1890 abominatus
1212 1828 1414 1889 deum
1461 1845 1649 1888 orare
1695 1827 1888 1908 cepit,
1922 1836 1992 1889 vt
2038 1826 2402 1890 vanitatem
2451 1827 2939 1908 superstitionis

522 1914 784 1977 illorum
819 1913 1042 1995 aliquo
1086 1914 1278 1995 signo
1323 1913 1705 1988 declararet,
1738 1913 2100 1994 statimque
2151 1914 2495 1976 Maximus
2542 1933 2583 1976 a
2628 1915 2941 1977 demone³

519 2011 863 2084 correptus
901 2001 1278 2063 exclamare
1309 2001 1503 2082 cepit.
1598 1999 1688 2064 Se
1718 2000 2150 2064 vehementer
2192 2022 2233 2063 a
2282 2002 2343 2064 N
2351 2002 2601 2064 emesio
2632 2001 2940 2083 torqueri.

527 2088 795 2172 Egressi
827 2108 983 2151 vero
1016 2088 1317 2163 ministri,
1349 2107 1501 2149 cum
1534 2106 1687 2150 eum
1721 2097 2024 2150 orantem
2071 2086 2524 2161 offendissent,
2551 2088 2749 2169 varijs
2780 2107 2938 2150 con-

520 2174 813 2257 tumelijs
855 2174 1169 2238 affectum
1217 2174 1282 2236 in
1330 2173 1656 2256 templum
1705 2184 2123 2255 pertraxere:
2171 2174 2255 2237 ad
2302 2177 2489 2237 cuius
2537 2176 2938 2257 presentiam

518 2263 746 2328 statim
819 2263 1162 2325 Maximus
1209 2262 1560 2343 expirauit.
1652 2260 1844 2324 Tunc
1875 2261 2289 2338 ValerianuS,
2319 2262 2433 2344 qui
2479 2282 2618 2324 rem
2667 2262 2941 2342 magicis

519 2348 773 2413 artibus
805 2358 1140 2432 patratum
1176 2348 1476 2430 putabat,
1502 2349 1597 2410 ira
1630 2350 1939 2429 percituS,
1966 2349 2027 2411 N
2035 2350 2354 2411 emesium
2392 2349 2753 2412 innumeris
2784 2369 2939 2431 sup-

523 2437 740 2521 plicijs
771 2446 1018 2500 tortum
1052 2456 1202 2498 cum
1239 2435 1499 2498 Lucilla
1531 2434 1664 2497 filia
1696 2436 1763 2497 in
1795 2455 2124 2498 carcerem
2164 2437 2386 2499 trudit.
2481 2437 2641 2500 Post
2671 2437 2940 2499 tertium

522 2544 680 2587 vero
704 2524 881 2586 diem
906 2525 1148 2596 educti,
1174 2522 1434 2586 Lucilla
1458 2523 1745 2605 primum
1771 2523 1879 2585 via
1905 2522 2131 2604 Appia
2155 2534 2310 2586 ante
2342 2523 2666 2604 templum
2694 2524 2944 2600 martiS,

522 2611 635 2675 vbi
658 2611 1003 2675 Maximus
1024 2611 1378 2688 interierat,
1397 2619 1742 2693 spectante
1762 2620 1950 2693 patre
1969 2609 2351 2674 decollatur.
2415 2610 2677 2673 Deinde
2700 2611 2761 2674 N
2766 2630 2942 2673 eme-

524 2700 657 2763 sius
683 2699 853 2762 inter
876 2702 1052 2762 viam
1079 2698 1401 2780 Appiam,
1419 2706 1487 2760 et
1514 2697 1828 2760 Latinam
1857 2697 2089 2761 itidem
2115 2698 2334 2780 capite
2359 2698 2600 2779 plexus
2626 2700 2944 2780 martyrio

524 2795 879 2850 coronatur
901 2785 1048 2867 xiij.
1073 2785 1388 2848 calendas
1413 2785 1726 2866 Augusti.
1820 2783 2122 2866 Quorum
2157 2805 2432 2867 corpora
2464 2784 2642 2847 idem
2674 2796 2944 2849 sanctus

529 2873 909 2955 Stephanus
941 2893 1119 2955 papa
1150 2874 1257 2934 via
1291 2872 1536 2935 Latina
1569 2892 1704 2933 non
1737 2871 1936 2952 longe
1966 2873 2054 2936 ab
2083 2871 2243 2934 vrbe
2274 2871 2599 2954 sepeliuit.

1483 2999 2016 3065 AVGVSTVS.

1121 3133 1394 3198 Vincula
1423 3132 1638 3196 sancti
1663 3133 1860 3195 Petri
1883 3133 2121 3215 duplex
2146 3134 2382 3200 minus.

1311 3250 1436 3312 Ad
1458 3261 1767 3332 vesperas.
1856 3249 2180 3329 Hymnus.

547 3367 859 3498 PEtrus
890 3364 1126 3428 beatus
1156 3374 1542 3425 catenarum
1576 3361 1848 3443 laqueos
1883 3361 2149 3426 Christo
2175 3362 2443 3426 iubente
2475 3364 2652 3446 rupit
2686 3364 2953 3427 mirabi-

684 3454 869 3517 liter:
931 3451 1173 3516 Custos
1235 3450 1446 3525 ouiliS,
1498 3459 1566 3512 et
1629 3450 1865 3513 doctor
1923 3449 2214 3527 ecclesie,
2271 3451 2635 3533 Pastorque
2692 3451 2951 3534 gregis:

531 3548 964 3606 conseruator
992 3538 1220 3601 ouium
1255 3536 1462 3599 Arcet
1493 3536 1800 3618 luporum
1832 3537 2273 3600 truculentam
2305 3538 2574 3601 rabiem.

671 3627 897 3693 Gloria
927 3626 1055 3688 deo
1088 3644 1204 3706 per
1235 3623 1562 3686 immensa
1592 3622 1850 3686 secula:
1897 3621 2001 3687 Sit
2047 3624 2169 3688 tibi
2203 3635 2356 3688 nate
2397 3624 2599 3688 decus
2630 3634 2699 3689 et
2745 3624 2958 3706 impe-

533 3717 730 3793 rium,
786 3715 1042 3788 Honor,
1096 3719 1430 3794 potestas:
1490 3720 1858 3793 sanctoque
1911 3712 2189 3792 spiritui.
2280 3710 2385 3776 Sit
2437 3712 2717 3776 trinitati
2772 3711 2956 3776 salus

534 3803 903 3876 indiuidua,
940 3801 1064 3863 Per
1094 3797 1353 3861 infinita
1384 3797 1756 3860 seculorum
1788 3798 2025 3861 secula.
2117 3798 2362 3863 Amen.

669 3890 731 3952 A
742 3887 1068 3969 ntiplzona.
1162 3884 1467 3948 Herodes
1498 3905 1617 3948 rex
1650 3886 1961 3967 apposuit
1987 3894 2059 3947 vt
2089 3886 2640 3968 apprehenderet⁴
2667 3885 2962 3962 Petrum,

530 3996 743 4059 quem
772 3975 950 4038 misit
974 3975 1038 4036 in
1065 3992 1392 4036 carcerem
1417 3971 1644 4034 volens
1672 3983 1823 4053 post
1848 3972 2096 4055 pascha
2122 3973 2485 4056 producere
2508 3993 2661 4036 eum
2689 3973 2962 4056 populo,

1633 4074 1879 4140 Oratio.

550 4180 839 4311 DEus
899 4177 1012 4260 qui
1066 4177 1334 4239 beatum
1363 4177 1660 4276 'Petrum
1724 4174 2102 4257 apostolum
2156 4197 2197 4238 a
2247 4176 2525 4239 vinculis
2577 4175 2965 4241 absolutum

726 4266 983 4330 illesum
1029 4263 1210 4326 abire
1257 4263 1484 4339 sectstl,
1530 4272 1903 4326 nostrorum
1967 4282 2330 4344 quesumus
2375 4262 2650 4326 absolue
2693 4264 2970 4328 vincula

539 4366 971 4440 [peccatorum
1003 4361 1071 4415 et
1102 4350 1329 4414 omnia
1361 4350 1539 4413 mala
1569 4370 1609 4412 a
1642 4349 1833 4413 nobis
1866 4350 2259 4432 propitiatus
2290 4348 2613 4414 exclude:
2653 4370 2789 4433 per.

648 4488 666 4520 ¹
702 4498 786 4539 te:
822 4501 901 4551 43.
930 4502 1010 4549 44.
1038 4499 1116 4549 49.
1147 4484 1225 4535 61.
1255 4485 1335 4548 64.
1688 4483 1709 4516 ⁸
1741 4484 2039 4535 daemonio:
2076 4484 2154 4549 38.

648 4552 672 4585 ²
702 4555 785 4604 die
809 4566 885 4618 31.
918 4554 974 4601 in
997 4569 1062 4602 m.
1692 4548 1714 4579 ⁴
1746 4559 1827 4600 et:
1864 4551 1975 4600 add.
2005 4563 2084 4615 43.
