3293 5225
913 432 1294 482 COMMUNE
1332 432 1566 483 UNIUS
1593 432 1823 482 MART
1825 431 2003 482 YRJS.
2570 443 2672 494 377

860 635 1025 697 Alia
1054 635 1163 717 ,ι’ῂ.
1196 635 1371 698 lectio
1399 636 1744 698 secundum
1775 635 2040 700 Lucam.

340 745 403 808 N
454 746 567 809 illo
598 757 938 830 tempore:
988 747 1184 811 Dixit
1216 749 1389 811 iesus
1420 748 1628 810 turbis
1655 746 1692 810 :¹
1765 746 1835 811 Si
1869 748 2017 829 quis
2047 747 2229 810 venit
2282 746 2368 809 ad
2425 767 2550 822 me,
2595 754 2663 809 et

384 853 516 896 non
571 834 713 897 odit
769 843 1022 917 patrem
1080 855 1271 897 suum
1322 843 1390 898 et
1444 844 1744 910 matrem,
1792 843 1859 897 et
1911 854 2208 911 vxorem,
2253 842 2320 896 et
2366 832 2536 896 filios
2595 842 2663 896 et

251 919 485 983 fratres
538 930 605 984 et
654 942 925 990 sorores,
976 922 1194 985 adhuc
1248 931 1473 985 autem
1522 930 1590 984 et
1642 919 1936 987 animam
1993 941 2202 998 suam,
2252 941 2385 983 non
2443 928 2665 1002 potest

256 1027 443 1070 meus
473 1028 615 1071 esse
647 1007 1051 1091 discipulus.2

927 1159 1229 1222 Homilia
1257 1159 1470 1222 sancti
1501 1159 1561 1222 G
1564 1159 1809 1242 regomj’
1814 1168 1997 1241 pape.

365 1268 421 1332 1³
450 1271 943 1334 consideremus
1002 1272 1235 1334 fratres
1292 1271 1676 1347 charissimi,
1728 1291 1858 1352 que
1910 1281 1978 1334 et
2029 1279 2281 1352 quanta
2334 1279 2489 1332 sunt
2534 1290 2670 1351 que

404 1357 597 1420 nobis
651 1359 1129 1440 promittuntur
1184 1359 1248 1421 in
1304 1357 1501 1421 celis:
1570 1358 1894 1422 vilescunt
1946 1359 2173 1420 animo
2236 1359 2464 1420 omnia
2531 1376 2668 1438 que

252 1443 582 1507 habentur
612 1446 677 1507 in
710 1446 910 1507 terris.
1003 1445 1294 1508 Terrena
1325 1465 1614 1527 namque
1644 1445 2016 1508 substantia
2056 1465 2337 1527 superne
2370 1443 2665 1507 felicitati

253 1541 677 1613 comparata:
727 1531 988 1614 pondus
1017 1542 1134 1600 est.
1183 1553 1315 1595 non
1371 1532 1736 1595 subsidium
1788 1532 2204 1614 Temporalis
2251 1533 2389 1594 vita
2440 1539 2670 1593 eterne

255 1619 389 1681 vite
419 1628 843 1701 comparata:
876 1639 1053 1682 mors
1082 1630 1183 1683 est
1216 1621 1434 1702 potius
1465 1619 1749 1683 dicenda
1780 1640 1980 1702 quam
2035 1620 2188 1682 vita.
2284 1618 2436 1700 Ipse
2483 1618 2663 1680 enim

258 1704 683 1786 quotidianus
714 1705 1010 1769 defectus
1054 1708 1492 1789 corruptionis
1536 1706 1697 1788 quid
1744 1717 1845 1770 est
1888 1705 2070 1769 aliud
2121 1725 2321 1788 quam
2373 1704 2662 1786 quedam

256 1791 603 1873 prolixitas
635 1794 910 1855 mortis?
1000 1793 1151 1876 Que
1182 1804 1405 1856 autem
1439 1794 1667 1875 lingua
1698 1793 1914 1856 dicere
1958 1793 2061 1856 vel
2117 1794 2264 1875 quis
2296 1790 2670 1855 intellectus

253 1899 488 1961 capere
519 1878 759 1943 sufficit
790 1878 900 1942 illa
931 1901 1212 1963 superne
1243 1882 1529 1944 ciuitatis
1559 1890 1809 1962 quanta
1842 1882 1973 1943 sint
1996 1879 2259 1962 gaudia,
2277 1877 2663 1960 angelorum

257 1965 472 2029 choris
533 1967 863 2043 interesse,
923 1988 1074 2030 cum
1139 1968 1537 2031 beatissimis
1612 1967 1949 2050 spiritibus
2024 1966 2231 2049 glorie
2304 1965 2672 2029 conditoris

253 2054 572 2128 assistere,
606 2064 976 2136 presentem
1010 2054 1116 2117 dei
1148 2055 1402 2116 vultum
1436 2075 1701 2117 cernere
1751 2054 2385 2136 incircumscriptum
2442 2052 2667 2115 lumen

253 2139 493 2216 videre,
526 2139 708 2203 nullo
740 2142 969 2204 mortis
1001 2151 1182 2204 metu
1229 2140 1421 2217 affici,
1470 2142 1977 2223 incorruptionis
2029 2150 2345 2223 perpetue
2396 2159 2669 2202 munere

255 2225 508 2290 letare?
601 2227 735 2291 Sed
768 2227 853 2290 ad
886 2227 1006 2291 hec
1038 2227 1266 2290 audita
1300 2227 1649 2291 inardescit
1681 2229 1961 2304 animuS,
1991 2229 2256 2309 iamque
2303 2226 2431 2289 illic
2485 2228 2675 2309 cupit

254 2315 594 2377 assistere:
624 2315 734 2377 vbi
768 2336 839 2377 se
863 2325 1082 2397 sperat
1114 2316 1256 2378 sine
1288 2314 1418 2378 fine
1449 2314 1756 2396 gaudere.
1849 2314 1985 2379 Sed
2018 2314 2102 2377 ad
2137 2335 2383 2395 magna
2416 2315 2668 2396 premia

257 2401 581 2482 perueniri
644 2422 776 2463 non
841 2411 1058 2484 potest
1120 2402 1242 2464 nisi
1307 2422 1422 2484 per
1475 2422 1756 2483 magnos
1810 2401 2083 2465 laboreS.
2171 2400 2374 2463 Vnde
2425 2401 2673 2463 Paulus

257 2489 562 2568 egregius
622 2487 992 2570 predicator
1051 2488 1245 2551 dicit:
1327 2489 1479 2551 Non
1542 2488 1983 2565 coronabitur,
2033 2489 2155 2551 nisi
2210 2489 2321 2570 qui
2374 2487 2669 2570 legitime

257 2576 622 2638 certauerit.
716 2573 1020 2639 Delectet
1055 2577 1252 2658 igitur
1284 2586 1576 2639 mentem
1613 2575 2026 2659 magnitudO,
2077 2575 2497 2659 premiorum,
2550 2573 2671 2638 sed

258 2680 390 2723 non
423 2661 750 2725 deterreat
780 2674 1114 2726 certamen
1148 2663 1468 2728 laborum.

1267 2818 1393 2881 Ad
1414 2818 1654 2883 laudes.

386 2925 780 3009 Anttphona.
877 2928 1009 2992 Iste
1041 2939 1309 2992 sanctus
1342 2950 1460 3012 pro
1492 2929 1637 3012 lege
1685 2930 1789 2993 dei
1841 2929 1939 2992 sui
1990 2928 2268 2993 certauit
2318 2948 2527 3010 vsque
2580 2927 2671 2990 ad

255 3025 555 3091 mortem,
585 3025 653 3078 et
683 3037 723 3078 a
753 3016 969 3079 verbis
1016 3017 1367 3099 impiorum
1418 3037 1550 3080 non
1613 3018 1853 3095 timuit,
1913 3015 2229 3079 fundatus
2287 3015 2464 3078 enim
2527 3024 2673 3077 erat

255 3121 454 3184 supra
487 3101 744 3166 firmam
795 3113 1069 3186 petram.

1338 3243 1581 3307 Gratia.

270 3350 585 3479 PResta
616 3372 975 3434 quesumus
1006 3356 1431 3438 omnipotens
1462 3355 1643 3432 deus,
1694 3365 1767 3417 vt
1821 3354 2269 3418 intercedente
2319 3354 2516 3417 beato
2565 3353 2673 3416 .N.

422 3449 712 3520 martyre
760 3450 876 3503 tuo
923 3462 963 3504 a
1005 3444 1263 3505 cunctis
1309 3442 1823 3505 aduersitatibus
1856 3442 2208 3505 liberemur
2254 3443 2320 3504 in
2375 3461 2678 3523 corpore,

256 3534 323 3588 et
354 3546 394 3588 a
427 3528 648 3608 prauis
679 3528 1197 3609 cogitationibus
1229 3529 1628 3592 mundemur
1662 3531 1726 3592 in
1762 3539 1985 3592 mente
2012 3552 2025 3591 ε
2058 3550 2190 3611 per.

779 3690 834 3753 S
836 3691 868 3752 i
871 3690 1096 3769 fuerit
1139 3701 1396 3771 martyr
1419 3700 1481 3753 et
1494 3692 1806 3773 pontifex.
1903 3691 2146 3755 Gratia.

269 3799 402 3928 IN
409 3800 787 3864 firmitatem
824 3812 1115 3865 nostram
1152 3804 1400 3885 respice
1431 3804 1855 3886 omnipotens
1886 3803 2068 3880 deuS,
2097 3813 2165 3866 et
2195 3803 2352 3884 quia
2408 3802 2676 3885 pondus

382 3889 641 3970 proprie
672 3890 952 3952 actionis
982 3899 1219 3971 grauat
1249 3890 1424 3953 beati
1461 3890 1541 3954 N.
1575 3892 1883 3971 martyris
1929 3891 2043 3967 tui,
2091 3900 2292 3972 atque
2340 3889 2672 3972 pontificis

255 3974 635 4038 intercessio
665 3975 952 4058 gloriosa
985 3997 1105 4040 nos
1138 3985 1482 4060 protegat:
1531 3998 1646 4060 per
1677 3977 2042 4040 dominum.

963 4146 1032 4216 ΙΙ
1075 4140 1200 4202 Ad
1223 4150 1524 4221 vesperas.
1617 4140 1941 4222 Hymnus.

267 4250 546 4379 DEus
622 4260 884 4314 tuorum
965 4252 1248 4314 militum
1329 4251 1486 4316 Sors
1559 4262 1627 4316 et
1687 4274 1931 4317 corona
1994 4254 2318 4336 premium
2399 4251 2673 4315 Laudes

403 4348 717 4400 canentes
750 4339 1057 4419 martyris
1090 4338 1388 4402 Absolue
1419 4360 1598 4403 nexu
1631 4341 1941 4404 criminiS.

349 4510 366 4542 ¹
401 4513 589 4562 turbae:
626 4527 705 4574 44.
1085 4512 1109 4545 ²
1145 4516 1208 4565 Et
1233 4515 1452 4580 reliqua:
1489 4517 1600 4565 add.
1631 4529 1710 4578 39.
1740 4530 1817 4576 41.
1849 4525 1942 4567 etc.
2166 4515 2187 4546 ³
2222 4516 2325 4581 Ipsi
2348 4514 2422 4565 si:
2460 4528 2539 4577 43.
