3293 5225
458 343 555 393 286
946 345 1039 392 SS.
1080 342 1628 393 MARCELLINILS'
1659 343 1823 392 ETC.
1864 343 1917 391 S.
1956 342 2379 391 BARNABAS.
2602 343 2751 404 [on.
2787 355 2862 393 11.

458 507 713 580 partem
750 496 1062 581 Origenis
1092 516 1368 579 operum
1400 516 1522 558 sua
1555 516 1756 559 manu
1799 494 2234 576 descripserit.
2324 494 2476 578 Que
2535 495 2863 576 Hierony·

460 605 609 648 mus
641 605 710 646 se
740 586 983 647 vidisse
1015 604 1090 647 ac
1112 583 1441 658 habuisse,
1467 583 1855 664 ingentique
1876 582 2243 664 cupiditate
2268 583 2456 665 quasi
2480 583 2861 645 thesaurum

458 672 746 753 aliquem
810 691 1104 734 seruasse
1149 679 1446 733 testatur.
1539 669 1816 751 Scripsit
1864 669 2203 746 nonnulla,
2248 670 2491 750 quibus
2535 669 2861 751 insignem

458 757 855 821 doctrinaml
886 768 954 821 et
985 778 1303 840 magnam
1352 757 1487 821 vite
1532 757 2046 820 sanctimoniam
2097 756 2377 839 posteris
2423 756 2864 834 manifestam,

457 866 533 908 ac
565 854 880 908 testatam
915 845 1192 926 reliquit.
1285 844 1576 907 Demum
1612 854 1763 926 post
1810 844 2007 907 beata
2051 844 2291 920 studia,
2335 853 2402 906 et
2450 843 2695 907 multos
2745 865 2866 927 pro

457 932 734 995 ecclesia
765 933 890 1007 dei,
922 953 999 995 ac
1031 932 1241 1014 gloria
1273 931 1560 994 nominis
1590 931 1928 994 christiani
1961 930 2327 994 exhaustos
2368 930 2644 1007 laboreS,
2683 933 2862 1013 apud

460 1019 811 1085 Cesaream
848 1019 1180 1082 Palestine
1228 1039 1348 1102 pro
1396 1017 1526 1081 fide
1577 1018 1822 1082 Christi
1872 1019 1938 1080 in
1996 1018 2450 1101 persecutione
2502 1019 2864 1081 Maximini

458 1107 874 1190 imperatoris
914 1106 1211 1170 calendis
1246 1105 1418 1188 Iunij
1454 1106 1776 1187 martyrio
1806 1115 2161 1168 coronatus
2192 1115 2309 1169 est.

774 1257 842 1328 (I
888 1252 1321 1315 Marcellinus
1348 1263 1410 1315 et
1437 1251 1681 1314 Petrus
1712 1249 2071 1333 martyres.‘-'
2146 1251 2359 1314 Lectio
2389 1252 2599 1315 tertia.

460 1365 1000 1496 TEmporibus
1063 1365 1462 1430 Diocletiani
1518 1365 1934 1446 imperatoris
1983 1364 2199 1426 Rome
2250 1365 2480 1428 Petrus
2526 1366 2859 1428 exorcista

637 1453 817 1516 iussu
863 1451 1094 1516 Sereni
1142 1453 1376 1515 iudicis
1408 1472 1528 1533 pro
1561 1451 1806 1516 Christi
1839 1452 2110 1514 nomine
2143 1452 2207 1513 in
2241 1472 2568 1514 carcerem
2599 1453 2857 1515 coniec-

453 1551 602 1604 tus:
651 1540 996 1603 Paulinam
1062 1539 1345 1621 Artemij
1410 1540 1688 1601 carceris
1748 1539 2045 1602 custodis
2105 1537 2307 1602 filiam
2369 1539 2456 1602 ab
2509 1539 2859 1603 immundo

453 1628 685 1711 spiritu
717 1626 1037 1703 liberauit,
1066 1628 1417 1709 ipsumque
1450 1625 1829 1689 Artemium
1864 1646 2014 1689 cum
2048 1626 2329 1710 coniuge
2351 1635 2417 1689 et
2443 1625 2597 1700 filia,
2618 1647 2697 1690 ac
2716 1636 2861 1690 tota

453 1716 659 1778 domo
718 1725 785 1778 et
845 1714 1174 1796 plerisque
1233 1714 1481 1790 viciniS,
1530 1713 1642 1794 qui
1690 1711 1776 1775 ad
1824 1713 2211 1775 miraculum
2261 1723 2727 1788 conuenerant,
2773 1714 2859 1777 ad

459 1802 796 1866 Christum
831 1801 1177 1876 conuertit,
1209 1810 1277 1863 et
1305 1801 1428 1863 hos
1459 1820 1694 1862 omnes
1728 1799 2155 1862 Marcellinus
2187 1799 2531 1882 presbyter
2561 1801 2857 1883 baptiza-

457 1890 570 1953 uit.
662 1888 817 1971 Quo
878 1889 1192 1951 nunciato
1254 1893 1530 1950 Serenus
1595 1887 2079 1963 Marcellinum,
2139 1897 2206 1950 et
2285 1888 2551 1950 Petrum
2630 1890 2714 1951 ad
2787 1909 2859 1952 se

457 1976 835 2059 productOS,
871 1975 1096 2038 multis
1129 1976 1327 2038 minis
1358 1975 1443 2038 ab
1476 1976 1744 2056 incepto
1776 1974 2105 2037 deterrere
2137 1975 2442 2037 tentauit.
2533 1973 2658 2038 Cui
2704 1995 2856 2038 cum

460 2061 887 2127 Marcellinus
911 2062 1266 2125 christiana
1298 2062 1603 2126 libertate
1622 2060 1708 2123 ad
1734 2063 1960 2124 omnia
1980 2062 2424 2144 responderet,
2445 2063 2687 2145 pugnis
2704 2083 2858 2126 eum

455 2161 806 2214 contusum
842 2160 1106 2233 separat
1136 2169 1175 2213 a
1211 2150 1422 2225 Petr0,
1454 2148 1843 2230 nudumque
1897 2149 1961 2210 in
2018 2169 2345 2211 carcerem
2402 2149 2591 2211 testis
2638 2151 2864 2212 vitreis

459 2240 883 2322 perstratum³
914 2237 1086 2300 trudi
1121 2236 1302 2299 iubet
1334 2237 1476 2299 sine
1507 2236 1674 2310 cibo,
1704 2246 1770 2298 et
1804 2236 1945 2297 sine
1987 2235 2251 2299 lumine.
2344 2237 2577 2298 Petrus
2625 2236 2857 2299 itidem

458 2326 590 2388 alio
624 2326 685 2387 in
732 2325 879 2387 loco
910 2323 1290 2387 arctissimis
1337 2324 1616 2387 vinculis
1663 2323 2151 2404 constringitur.
2242 2321 2379 2387 Sed
2426 2323 2540 2386 diu
2591 2325 2862 2387 cruciati

460 2433 611 2476 cum
648 2411 949 2474 fortiores
981 2412 1044 2473 in
1079 2412 1222 2473 dies
1268 2422 1469 2492 atque
1520 2411 1584 2472 in
1622 2409 1868 2474 Christi
1914 2409 2329 2473 confessione
2381 2413 2867 2476 constantiores

463 2587 783 2668 martyrio
813 2595 1230 2649 coronantur.
1325 2584 1581 2648 Lucilla
1612 2605 1770 2648 vero
1813 2594 2118 2647 matrona
2166 2585 2523 2650 christiana
2573 2587 2866 2669 ipsorum

459 2695 738 2757 corpora
764 2674 1068 2736 vehiculo
1094 2673 1317 2736 delata
1349 2683 1551 2736 noctu
1586 2673 1651 2735 in
1674 2672 1781 2735 via
1804 2672 2144 2736 Labicana
2169 2673 2275 2754 .iij.
2295 2675 2381 2736 ab
2405 2674 2564 2736 vrbe
2585 2674 2870 2738 miliario

450 2762 773 2844 sepeliuit.
825 2776 833 2787 '

975 2904 1040 2973 (Ι
1087 2897 1436 2961 Barnabas
1473 2898 1818 2979 apostolus⁴
1854 2897 2087 2978 duplex
2114 2850 2345 2960 maias.

1531 3008 1775 3073 Oratim

474 3124 895 3255 DEus,qui
920 3144 1042 3185 nos
1065 3122 1254 3184 Beati
1284 3121 1589 3184 Barnabe
1608 3121 1895 3205 apostoli
1916 3122 2011 3183 tui
2040 3122 2289 3184 meritis
2310 3132 2376 3185 et
2399 3122 2870 3189 intercessione

656 3210 971 3275 letificas:
1017 3211 1309 3272 concede
1359 3209 1702 3292 propitius,
1754 3219 1827 3272 vt
1857 3210 1970 3291 qui
2001 3210 2141 3271 eius
2174 3209 2493 3273 beneficia
2527 3212 2864 3292 poscimus

455 3300 636 3364 dono
667 3310 780 3363 tue
813 3298 1023 3380 gratie
1055 3317 1575 3378 consequamur:
1621 3316 1756 3379 per.

1404 3457 1646 3521 ‘Lectio
1682 3458 1897 3522 tertia.

465 3573 848 3703 IOsephus
879 3572 990 3653 qui
1026 3572 1537 3652 cognominatus
1569 3580 1671 3633 est
1705 3570 2065 3646 Barnabas,
2112 3572 2382 3636 natione
2437 3573 2722 3656 Cyprius
2766 3579 2852 3639 ad

619 3660 1048 3724 christianum
1111 3659 1361 3741 dogma
1421 3658 1734 3740 gentibus
1781 3678 1932 3720 cum
1984 3659 2192 3721 Paulo
2245 3661 2723 3742 predicandum
2788 3666 2853 3726 in

456 3748 909 3831 apostolatum
945 3756 1140 3809 extra
1171 3745 1524 3809 duodecim
1558 3755 1942 3826 assumptus
1973 3756 2093 3810 est.
2186 3746 2318 3810 Hic
2367 3769 2618 3831 agrum,
2652 3769 2855 3830 quem

456 3836 767 3912 habebat,
795 3833 1115 3909 vendidit,
1146 3843 1213 3895 et
1244 3832 1470 3896 attulit
1501 3833 1796 3915 precium
1837 3842 1905 3895 et
1938 3834 2160 3914 posuit
2206 3845 2362 3899 ante
2410 3838 2613 3918 pedes
2660 3857 2854 3920 apos-

456 3924 760 3987 tolorum.
853 3920 987 4004 Qui
1019 3940 1169 3983 cum
1205 3921 1443 3982 missus
1492 3939 1533 3981 a
1588 3918 2143 4001 lerosolymitana
2192 3923 2470 3985 ecclesia
2518 3924 2855 4006 euangeli-

452 4012 644 4073 zandi
709 4010 924 4092 gratia
986 4007 1415 4072 Antiochiam
1486 4008 1914 4089 peruenisset,
1985 4008 2091 4070 vbi
2170 4008 2533 4072 Grecorum
2600 4010 2857 4092 aliquot

456 4099 874 4161 crediderant
903 4120 915 4159 ε
947 4094 1355 4176 vidissetque
1385 4095 1672 4176 gratiam
1710 4093 1857 4169 Dei,
1889 4095 2160 4176 gauisus
2190 4105 2309 4173 est,
2350 4106 2418 4160 et
2465 4097 2859 4162 hortabatur

456 4205 688 4247 omnes
722 4186 787 4246 in
823 4183 1166 4266 proposito
1208 4182 1423 4244 cordis
1472 4201 1859 4264 permanere
1907 4183 1971 4244 in
2023 4183 2316 4261 domino,
2364 4185 2520 4267 quia
2570 4196 2712 4249 erat
2759 4188 2861 4249 vir

539 4345 553 4375 ¹
590 4344 851 4395 doctrina:
887 4343 964 4407 38.
1515 4340 1538 4371 ‘²
1570 4342 1652 4391 die
1677 4355 1721 4391 2.
1754 4343 1809 4390 in
1833 4359 1898 4392 m.
2320 4343 2341 4374 ³
2372 4354 2669 4411 prostratum
2694 4365 2709 4398 ε
2746 4347 2827 4411 38.

540 4410 561 4441 ⁴
592 4411 674 4460 die
705 4423 776 4459 11.
808 4411 864 4458 in
889 4426 955 4458 m.
1522 4406 1543 4436 ⁵
1576 4409 1681 4457 Die
1703 4410 1798 4473 .le
1824 4423 1842 4455 .·
1878 4416 1963 4472 pr.
1996 4421 2071 4472 39.
2102 4422 2180 4470 41.
2211 4422 2289 4474 43.
