<?xml version="1.0" encoding="UTF-8"?>
<!DOCTYPE html PUBLIC "-//W3C//DTD XHTML 1.0 Transitional//EN"
    "http://www.w3.org/TR/xhtml1/DTD/xhtml1-transitional.dtd">
<html xmlns="http://www.w3.org/1999/xhtml" xml:lang="en" lang="en">
 <head>
  <title>
</title>
<meta http-equiv="Content-Type" content="text/html;charset=utf-8" />
  <meta name='ocr-system' content='tesseract 3.04.00' />
  <meta name='ocr-capabilities' content='ocr_page ocr_carea ocr_par ocr_line ocrx_word'/>
</head>
<body>
  <div class='ocr_page' id='page_1' title='image "./secondrecension00legggoog_0185.png"; bbox 0 0 3293 5225; ppageno 0'>
   <div class='ocr_carea' id='block_1_1' title="bbox 659 446 2780 508">
    <p class='ocr_par' dir='ltr' id='par_1_1' title="bbox 659 446 2780 508">
     <span class='ocr_line' id='line_1_1' title="bbox 659 446 2780 508; baseline -0.002 -10"><span class='ocrx_word' id='word_1_1' title='bbox 659 450 890 498; x_wconf 77' lang='lat' dir='ltr'><em>FERJA</em></span> <span class='ocrx_word' id='word_1_2' title='bbox 951 450 1061 498; x_wconf 87' lang='lat' dir='ltr'>III.</span> <span class='ocrx_word' id='word_1_3' title='bbox 1125 447 1567 497; x_wconf 76' lang='lat' dir='ltr'><em>DOMINICAE</em></span> <span class='ocrx_word' id='word_1_4' title='bbox 1622 447 1720 495; x_wconf 84' lang='lat' dir='ltr'>JV.</span> <span class='ocrx_word' id='word_1_5' title='bbox 1789 446 2462 508; x_wconf 79' lang='lat' dir='ltr'>QUADRAGESJMAE.</span> <span class='ocrx_word' id='word_1_6' title='bbox 2697 459 2780 495; x_wconf 90' lang='grc' dir='ltr'>ιιι</span> 
     </span>
    </p>
   </div>
   <div class='ocr_carea' id='block_1_2' title="bbox 953 674 2200 756">
    <p class='ocr_par' dir='ltr' id='par_1_2' title="bbox 953 674 2200 756">
     <span class='ocr_line' id='line_1_2' title="bbox 953 674 2200 756; baseline 0 -18"><span class='ocrx_word' id='word_1_7' title='bbox 953 675 1037 738; x_wconf 90' lang='lat' dir='ltr'><em>H</em></span> <span class='ocrx_word' id='word_1_8' title='bbox 1031 675 1255 737; x_wconf 85' lang='lat' dir='ltr'>omilia</span> <span class='ocrx_word' id='word_1_9' title='bbox 1283 674 1499 738; x_wconf 86' lang='lat' dir='ltr'>sancti</span> <span class='ocrx_word' id='word_1_10' title='bbox 1523 674 1898 756; x_wconf 80' lang='lat' dir='ltr'><em>Augustini</em></span> <span class='ocrx_word' id='word_1_11' title='bbox 1922 674 2200 756; x_wconf 81' lang='lat' dir='ltr'><em>episcopi.</em></span> 
     </span>
    </p>
   </div>
   <div class='ocr_carea' id='block_1_3' title="bbox 371 786 2798 2157">
    <p class='ocr_par' dir='ltr' id='par_1_3' title="bbox 517 786 2785 869">
     <span class='ocr_line' id='line_1_3' title="bbox 517 786 2785 869; baseline 0 -19"><span class='ocrx_word' id='word_1_12' title='bbox 517 788 648 852; x_wconf 91' lang='lat' dir='ltr'>Vid</span> <span class='ocrx_word' id='word_1_13' title='bbox 703 788 1080 851; x_wconf 90' lang='lat' dir='ltr'>audiuimus</span> <span class='ocrx_word' id='word_1_14' title='bbox 1135 788 1419 850; x_wconf 84' lang='lat' dir='ltr'>fratres?</span> <span class='ocrx_word' id='word_1_15' title='bbox 1512 787 1687 854; x_wconf 86' lang='lat' dir='ltr'>Ecce</span> <span class='ocrx_word' id='word_1_16' title='bbox 1720 787 2047 869; x_wconf 90' lang='lat' dir='ltr'>templum</span> <span class='ocrx_word' id='word_1_17' title='bbox 2098 786 2260 849; x_wconf 92' lang='lat' dir='ltr'>illud</span> <span class='ocrx_word' id='word_1_18' title='bbox 2310 786 2522 868; x_wconf 85' lang='lat' dir='ltr'>figura</span> <span class='ocrx_word' id='word_1_19' title='bbox 2569 787 2785 850; x_wconf 89' lang='lat' dir='ltr'>adhuc</span> 
     </span>
    </p>

    <p class='ocr_par' dir='ltr' id='par_1_4' title="bbox 371 874 2798 2157">
     <span class='ocr_line' id='line_1_4' title="bbox 544 874 2784 956; baseline -0.001 -17"><span class='ocrx_word' id='word_1_20' title='bbox 544 886 705 951; x_wconf 87' lang='lat' dir='ltr'>erat,</span> <span class='ocrx_word' id='word_1_21' title='bbox 724 885 792 938; x_wconf 91' lang='lat' dir='ltr'>et</span> <span class='ocrx_word' id='word_1_22' title='bbox 822 876 1014 938; x_wconf 91' lang='lat' dir='ltr'>eiecit</span> <span class='ocrx_word' id='word_1_23' title='bbox 1048 874 1201 937; x_wconf 91' lang='lat' dir='ltr'>inde</span> <span class='ocrx_word' id='word_1_24' title='bbox 1232 874 1544 937; x_wconf 80' lang='lat' dir='ltr'>domiuus</span> <span class='ocrx_word' id='word_1_25' title='bbox 1576 893 1809 936; x_wconf 89' lang='lat' dir='ltr'>omnes</span> <span class='ocrx_word' id='word_1_26' title='bbox 1843 875 1954 954; x_wconf 91' lang='lat' dir='ltr'>qui</span> <span class='ocrx_word' id='word_1_27' title='bbox 1989 895 2109 936; x_wconf 91' lang='lat' dir='ltr'>sua</span> <span class='ocrx_word' id='word_1_28' title='bbox 2142 874 2528 956; x_wconf 84' lang='lat' dir='ltr'>querebant,</span> <span class='ocrx_word' id='word_1_29' title='bbox 2554 875 2666 955; x_wconf 89' lang='lat' dir='ltr'>qui</span> <span class='ocrx_word' id='word_1_30' title='bbox 2701 876 2784 937; x_wconf 91' lang='lat' dir='ltr'>ad</span> 
     </span>
     <span class='ocr_line' id='line_1_5' title="bbox 372 960 2789 1043; baseline -0.001 -16"><span class='ocrx_word' id='word_1_31' title='bbox 372 964 703 1027; x_wconf 85' lang='lat' dir='ltr'>nundinas</span> <span class='ocrx_word' id='word_1_32' title='bbox 763 972 1099 1026; x_wconf 90' lang='lat' dir='ltr'>venerant.</span> <span class='ocrx_word' id='word_1_33' title='bbox 1222 962 1311 1024; x_wconf 89' lang='lat' dir='ltr'>Et</span> <span class='ocrx_word' id='word_1_34' title='bbox 1373 981 1502 1043; x_wconf 94' lang='lat' dir='ltr'>que</span> <span class='ocrx_word' id='word_1_35' title='bbox 1557 960 1648 1023; x_wconf 91' lang='lat' dir='ltr'>illi</span> <span class='ocrx_word' id='word_1_36' title='bbox 1710 962 2143 1023; x_wconf 84' lang='lat' dir='ltr'>vendebant?</span> <span class='ocrx_word' id='word_1_37' title='bbox 2260 960 2384 1023; x_wconf 91' lang='lat' dir='ltr'>Illa</span> <span class='ocrx_word' id='word_1_38' title='bbox 2439 981 2568 1042; x_wconf 88' lang='lat' dir='ltr'>que</span> <span class='ocrx_word' id='word_1_39' title='bbox 2621 981 2789 1042; x_wconf 91' lang='lat' dir='ltr'>opus</span> 
     </span>
     <span class='ocr_line' id='line_1_6' title="bbox 372 1046 2789 1129; baseline -0.001 -15"><span class='ocrx_word' id='word_1_40' title='bbox 372 1051 707 1114; x_wconf 85' lang='lat' dir='ltr'>habebant</span> <span class='ocrx_word' id='word_1_41' title='bbox 769 1050 1072 1111; x_wconf 89' lang='lat' dir='ltr'>homines</span> <span class='ocrx_word' id='word_1_42' title='bbox 1135 1050 1199 1110; x_wconf 92' lang='lat' dir='ltr'>in</span> <span class='ocrx_word' id='word_1_43' title='bbox 1256 1046 1588 1127; x_wconf 88' lang='lat' dir='ltr'>sacrificijs</span> <span class='ocrx_word' id='word_1_44' title='bbox 1652 1047 1824 1110; x_wconf 90' lang='lat' dir='ltr'>illius</span> <span class='ocrx_word' id='word_1_45' title='bbox 1886 1047 2227 1129; x_wconf 82' lang='lat' dir='ltr'>temporiS.</span> <span class='ocrx_word' id='word_1_46' title='bbox 2344 1048 2551 1110; x_wconf 92' lang='lat' dir='ltr'>Nouit</span> <span class='ocrx_word' id='word_1_47' title='bbox 2610 1050 2789 1111; x_wconf 88' lang='lat' dir='ltr'>enim</span> 
     </span>
     <span class='ocr_line' id='line_1_7' title="bbox 371 1134 2790 1217; baseline -0.002 -16"><span class='ocrx_word' id='word_1_48' title='bbox 371 1138 658 1201; x_wconf 87' lang='lat' dir='ltr'>charitas</span> <span class='ocrx_word' id='word_1_49' title='bbox 689 1147 910 1198; x_wconf 85' lang='lat' dir='ltr'>vestra</span> <span class='ocrx_word' id='word_1_50' title='bbox 941 1135 1120 1217; x_wconf 93' lang='lat' dir='ltr'>quod</span> <span class='ocrx_word' id='word_1_51' title='bbox 1155 1134 1473 1199; x_wconf 86' lang='lat' dir='ltr'>sacrificia</span> <span class='ocrx_word' id='word_1_52' title='bbox 1507 1134 1597 1197; x_wconf 92' lang='lat' dir='ltr'>illi</span> <span class='ocrx_word' id='word_1_53' title='bbox 1633 1135 1884 1217; x_wconf 91' lang='lat' dir='ltr'>populo</span> <span class='ocrx_word' id='word_1_54' title='bbox 1932 1156 2052 1217; x_wconf 91' lang='lat' dir='ltr'>pro</span> <span class='ocrx_word' id='word_1_55' title='bbox 2099 1135 2240 1197; x_wconf 92' lang='lat' dir='ltr'>eius</span> <span class='ocrx_word' id='word_1_56' title='bbox 2287 1135 2678 1198; x_wconf 84' lang='lat' dir='ltr'>carnalitate</span> <span class='ocrx_word' id='word_1_57' title='bbox 2723 1145 2790 1198; x_wconf 92' lang='lat' dir='ltr'>et</span> 
     </span>
     <span class='ocr_line' id='line_1_8' title="bbox 373 1221 2788 1304; baseline -0.002 -16"><span class='ocrx_word' id='word_1_58' title='bbox 373 1225 571 1288; x_wconf 91' lang='lat' dir='ltr'>corde</span> <span class='ocrx_word' id='word_1_59' title='bbox 631 1225 849 1286; x_wconf 88' lang='lat' dir='ltr'>adhuc</span> <span class='ocrx_word' id='word_1_60' title='bbox 907 1223 1171 1304; x_wconf 90' lang='lat' dir='ltr'>lapideo</span> <span class='ocrx_word' id='word_1_61' title='bbox 1225 1221 1385 1284; x_wconf 89' lang='lat' dir='ltr'>talia</span> <span class='ocrx_word' id='word_1_62' title='bbox 1439 1222 1599 1284; x_wconf 88' lang='lat' dir='ltr'>data</span> <span class='ocrx_word' id='word_1_63' title='bbox 1646 1231 1842 1284; x_wconf 90' lang='lat' dir='ltr'>sunt:</span> <span class='ocrx_word' id='word_1_64' title='bbox 1904 1223 2144 1302; x_wconf 90' lang='lat' dir='ltr'>quibus</span> <span class='ocrx_word' id='word_1_65' title='bbox 2196 1231 2532 1285; x_wconf 90' lang='lat' dir='ltr'>teneretur</span> <span class='ocrx_word' id='word_1_66' title='bbox 2586 1243 2668 1285; x_wconf 91' lang='lat' dir='ltr'>ne</span> <span class='ocrx_word' id='word_1_67' title='bbox 2723 1224 2788 1284; x_wconf 89' lang='lat' dir='ltr'>in</span> 
     </span>
     <span class='ocr_line' id='line_1_9' title="bbox 377 1308 2792 1386; baseline -0.002 -11"><span class='ocrx_word' id='word_1_68' title='bbox 377 1313 553 1375; x_wconf 89' lang='lat' dir='ltr'>idola</span> <span class='ocrx_word' id='word_1_69' title='bbox 608 1310 943 1386; x_wconf 87' lang='lat' dir='ltr'>deflueret,</span> <span class='ocrx_word' id='word_1_70' title='bbox 988 1319 1055 1372; x_wconf 93' lang='lat' dir='ltr'>et</span> <span class='ocrx_word' id='word_1_71' title='bbox 1102 1310 1541 1372; x_wconf 86' lang='lat' dir='ltr'>immolabant</span> <span class='ocrx_word' id='word_1_72' title='bbox 1596 1308 1684 1370; x_wconf 94' lang='lat' dir='ltr'>ibi</span> <span class='ocrx_word' id='word_1_73' title='bbox 1741 1310 2080 1386; x_wconf 87' lang='lat' dir='ltr'>sacrificia,</span> <span class='ocrx_word' id='word_1_74' title='bbox 2135 1310 2342 1373; x_wconf 91' lang='lat' dir='ltr'>boues</span> <span class='ocrx_word' id='word_1_75' title='bbox 2391 1319 2458 1372; x_wconf 88' lang='lat' dir='ltr'>et</span> <span class='ocrx_word' id='word_1_76' title='bbox 2511 1330 2671 1373; x_wconf 91' lang='lat' dir='ltr'>oues</span> <span class='ocrx_word' id='word_1_77' title='bbox 2725 1319 2792 1372; x_wconf 91' lang='lat' dir='ltr'>et</span> 
     </span>
     <span class='ocr_line' id='line_1_10' title="bbox 377 1396 2792 1479; baseline -0.001 -17"><span class='ocrx_word' id='word_1_78' title='bbox 377 1399 739 1462; x_wconf 82' lang='lat' dir='ltr'>columbas,</span> <span class='ocrx_word' id='word_1_79' title='bbox 832 1396 1061 1459; x_wconf 93' lang='lat' dir='ltr'>Nostis</span> <span class='ocrx_word' id='word_1_80' title='bbox 1094 1398 1250 1478; x_wconf 90' lang='lat' dir='ltr'>quia</span> <span class='ocrx_word' id='word_1_81' title='bbox 1283 1397 1550 1478; x_wconf 82' lang='lat' dir='ltr'>legistis,</span> <span class='ocrx_word' id='word_1_82' title='bbox 1644 1396 1799 1458; x_wconf 92' lang='lat' dir='ltr'>Non</span> <span class='ocrx_word' id='word_1_83' title='bbox 1848 1415 2008 1476; x_wconf 91' lang='lat' dir='ltr'>ergo</span> <span class='ocrx_word' id='word_1_84' title='bbox 2056 1417 2376 1479; x_wconf 90' lang='lat' dir='ltr'>magnum</span> <span class='ocrx_word' id='word_1_85' title='bbox 2426 1407 2792 1478; x_wconf 90' lang='lat' dir='ltr'>peccatum,</span> 
     </span>
     <span class='ocr_line' id='line_1_11' title="bbox 376 1483 2792 1564; baseline -0.002 -15"><span class='ocrx_word' id='word_1_86' title='bbox 376 1489 429 1549; x_wconf 92' lang='lat' dir='ltr'>si</span> <span class='ocrx_word' id='word_1_87' title='bbox 478 1488 602 1548; x_wconf 89' lang='lat' dir='ltr'>hoc</span> <span class='ocrx_word' id='word_1_88' title='bbox 653 1484 1067 1547; x_wconf 88' lang='lat' dir='ltr'>vendebatur</span> <span class='ocrx_word' id='word_1_89' title='bbox 1119 1485 1181 1545; x_wconf 94' lang='lat' dir='ltr'>in</span> <span class='ocrx_word' id='word_1_90' title='bbox 1237 1483 1532 1564; x_wconf 89' lang='lat' dir='ltr'>templo:</span> <span class='ocrx_word' id='word_1_91' title='bbox 1599 1483 1780 1563; x_wconf 91' lang='lat' dir='ltr'>quod</span> <span class='ocrx_word' id='word_1_92' title='bbox 1829 1483 2177 1546; x_wconf 85' lang='lat' dir='ltr'>emebatur</span> <span class='ocrx_word' id='word_1_93' title='bbox 2225 1493 2296 1545; x_wconf 92' lang='lat' dir='ltr'>vt</span> <span class='ocrx_word' id='word_1_94' title='bbox 2338 1483 2681 1547; x_wconf 87' lang='lat' dir='ltr'>offerretur</span> <span class='ocrx_word' id='word_1_95' title='bbox 2725 1484 2792 1546; x_wconf 91' lang='lat' dir='ltr'>in</span> 
     </span>
     <span class='ocr_line' id='line_1_12' title="bbox 376 1568 2794 1656; baseline -0.001 -20"><span class='ocrx_word' id='word_1_96' title='bbox 376 1573 647 1656; x_wconf 91' lang='lat' dir='ltr'>templo,</span> <span class='ocrx_word' id='word_1_97' title='bbox 678 1582 745 1634; x_wconf 90' lang='lat' dir='ltr'>et</span> <span class='ocrx_word' id='word_1_98' title='bbox 777 1582 1000 1634; x_wconf 88' lang='lat' dir='ltr'>tamen</span> <span class='ocrx_word' id='word_1_99' title='bbox 1034 1572 1225 1633; x_wconf 91' lang='lat' dir='ltr'>eiecit</span> <span class='ocrx_word' id='word_1_100' title='bbox 1259 1570 1404 1632; x_wconf 92' lang='lat' dir='ltr'>illos</span> <span class='ocrx_word' id='word_1_101' title='bbox 1438 1571 1609 1633; x_wconf 90' lang='lat' dir='ltr'>inde.</span> <span class='ocrx_word' id='word_1_102' title='bbox 1705 1568 1883 1650; x_wconf 83' lang='lat' dir='ltr'>Quid</span> <span class='ocrx_word' id='word_1_103' title='bbox 1918 1571 1973 1632; x_wconf 94' lang='lat' dir='ltr'>si</span> <span class='ocrx_word' id='word_1_104' title='bbox 2008 1571 2097 1633; x_wconf 89' lang='lat' dir='ltr'>ibi</span> <span class='ocrx_word' id='word_1_105' title='bbox 2128 1571 2424 1633; x_wconf 87' lang='lat' dir='ltr'>ebriosos</span> <span class='ocrx_word' id='word_1_106' title='bbox 2471 1572 2794 1633; x_wconf 88' lang='lat' dir='ltr'>inueniret</span> 
     </span>
     <span class='ocr_line' id='line_1_13' title="bbox 380 1658 2794 1741; baseline -0.001 -18"><span class='ocrx_word' id='word_1_107' title='bbox 380 1662 538 1741; x_wconf 90' lang='lat' dir='ltr'>quid</span> <span class='ocrx_word' id='word_1_108' title='bbox 575 1661 817 1721; x_wconf 86' lang='lat' dir='ltr'>faceret</span> <span class='ocrx_word' id='word_1_109' title='bbox 849 1658 1181 1735; x_wconf 90' lang='lat' dir='ltr'>dominus,</span> <span class='ocrx_word' id='word_1_110' title='bbox 1216 1658 1285 1721; x_wconf 84' lang='lat' dir='ltr'>Si</span> <span class='ocrx_word' id='word_1_111' title='bbox 1319 1660 1685 1720; x_wconf 90' lang='lat' dir='ltr'>vendentes</span> <span class='ocrx_word' id='word_1_112' title='bbox 1717 1678 1796 1719; x_wconf 89' lang='lat' dir='ltr'>ea</span> <span class='ocrx_word' id='word_1_113' title='bbox 1828 1677 1957 1738; x_wconf 92' lang='lat' dir='ltr'>que</span> <span class='ocrx_word' id='word_1_114' title='bbox 1991 1658 2171 1719; x_wconf 91' lang='lat' dir='ltr'>licita</span> <span class='ocrx_word' id='word_1_115' title='bbox 2204 1669 2361 1721; x_wconf 91' lang='lat' dir='ltr'>sunt</span> <span class='ocrx_word' id='word_1_116' title='bbox 2391 1681 2402 1720; x_wconf 93' lang='lat'>:</span> <span class='ocrx_word' id='word_1_117' title='bbox 2450 1667 2517 1720; x_wconf 92' lang='lat' dir='ltr'>et</span> <span class='ocrx_word' id='word_1_118' title='bbox 2563 1668 2794 1721; x_wconf 88' lang='lat' dir='ltr'>contra</span> 
     </span>
     <span class='ocr_line' id='line_1_14' title="bbox 381 1742 2792 1825; baseline -0.001 -16"><span class='ocrx_word' id='word_1_119' title='bbox 381 1748 702 1809; x_wconf 90' lang='lat' dir='ltr'>iustitiam</span> <span class='ocrx_word' id='word_1_120' title='bbox 766 1765 897 1807; x_wconf 91' lang='lat' dir='ltr'>non</span> <span class='ocrx_word' id='word_1_121' title='bbox 962 1755 1118 1807; x_wconf 92' lang='lat' dir='ltr'>sunt</span> <span class='ocrx_word' id='word_1_122' title='bbox 1179 1746 1422 1806; x_wconf 86' lang='lat' dir='ltr'>eiecit?</span> <span class='ocrx_word' id='word_1_123' title='bbox 1537 1742 1688 1825; x_wconf 80' lang='lat' dir='ltr'>Que</span> <span class='ocrx_word' id='word_1_124' title='bbox 1750 1764 1899 1806; x_wconf 86' lang='lat' dir='ltr'>cum</span> <span class='ocrx_word' id='word_1_125' title='bbox 1964 1744 2242 1807; x_wconf 90' lang='lat' dir='ltr'>honeste</span> <span class='ocrx_word' id='word_1_126' title='bbox 2295 1754 2606 1807; x_wconf 88' lang='lat' dir='ltr'>emuntur</span> <span class='ocrx_word' id='word_1_127' title='bbox 2660 1765 2792 1807; x_wconf 92' lang='lat' dir='ltr'>non</span> 
     </span>
     <span class='ocr_line' id='line_1_15' title="bbox 380 1831 2792 1914; baseline -0.001 -19"><span class='ocrx_word' id='word_1_128' title='bbox 380 1835 605 1896; x_wconf 86' lang='lat' dir='ltr'>illicite</span> <span class='ocrx_word' id='word_1_129' title='bbox 657 1831 1050 1896; x_wconf 89' lang='lat' dir='ltr'>venduntur.</span> <span class='ocrx_word' id='word_1_130' title='bbox 1166 1831 1453 1913; x_wconf 87' lang='lat' dir='ltr'>Expulit</span> <span class='ocrx_word' id='word_1_131' title='bbox 1506 1840 1732 1893; x_wconf 89' lang='lat' dir='ltr'>tamen</span> <span class='ocrx_word' id='word_1_132' title='bbox 1779 1841 1845 1892; x_wconf 88' lang='lat' dir='ltr'>et</span> <span class='ocrx_word' id='word_1_133' title='bbox 1902 1852 2032 1893; x_wconf 92' lang='lat' dir='ltr'>non</span> <span class='ocrx_word' id='word_1_134' title='bbox 2091 1842 2189 1895; x_wconf 93' lang='lat' dir='ltr'>est</span> <span class='ocrx_word' id='word_1_135' title='bbox 2236 1853 2469 1914; x_wconf 90' lang='lat' dir='ltr'>passus</span> <span class='ocrx_word' id='word_1_136' title='bbox 2516 1832 2792 1895; x_wconf 91' lang='lat' dir='ltr'>domum</span> 
     </span>
     <span class='ocr_line' id='line_1_16' title="bbox 381 1917 2791 2001; baseline -0.001 -18"><span class='ocrx_word' id='word_1_137' title='bbox 381 1922 697 1983; x_wconf 89' lang='lat' dir='ltr'>orationis</span> <span class='ocrx_word' id='word_1_138' title='bbox 730 1919 865 1981; x_wconf 90' lang='lat' dir='ltr'>fieri</span> <span class='ocrx_word' id='word_1_139' title='bbox 900 1921 1174 1981; x_wconf 91' lang='lat' dir='ltr'>domum</span> <span class='ocrx_word' id='word_1_140' title='bbox 1210 1918 1700 2001; x_wconf 82' lang='lat' dir='ltr'>negotiationis,</span> <span class='ocrx_word' id='word_1_141' title='bbox 1766 1917 1836 1982; x_wconf 83' lang='lat' dir='ltr'>Si</span> <span class='ocrx_word' id='word_1_142' title='bbox 1871 1920 2353 1999; x_wconf 83' lang='lat' dir='ltr'>negociationis</span> <span class='ocrx_word' id='word_1_143' title='bbox 2384 1919 2625 1982; x_wconf 91' lang='lat' dir='ltr'>domus</span> <span class='ocrx_word' id='word_1_144' title='bbox 2659 1940 2791 1981; x_wconf 94' lang='lat' dir='ltr'>non</span> 
     </span>
     <span class='ocr_line' id='line_1_17' title="bbox 382 2004 2796 2088; baseline -0.001 -18"><span class='ocrx_word' id='word_1_145' title='bbox 382 2009 581 2071; x_wconf 89' lang='lat' dir='ltr'>debet</span> <span class='ocrx_word' id='word_1_146' title='bbox 616 2006 752 2070; x_wconf 90' lang='lat' dir='ltr'>fieri</span> <span class='ocrx_word' id='word_1_147' title='bbox 786 2007 1026 2069; x_wconf 91' lang='lat' dir='ltr'>domus</span> <span class='ocrx_word' id='word_1_148' title='bbox 1058 2006 1182 2080; x_wconf 91' lang='lat' dir='ltr'>dei,</span> <span class='ocrx_word' id='word_1_149' title='bbox 1213 2007 1577 2086; x_wconf 88' lang='lat' dir='ltr'>potationis</span> <span class='ocrx_word' id='word_1_150' title='bbox 1609 2005 1808 2067; x_wconf 90' lang='lat' dir='ltr'>debet</span> <span class='ocrx_word' id='word_1_151' title='bbox 1843 2004 2027 2067; x_wconf 87' lang='lat' dir='ltr'>fieri?</span> <span class='ocrx_word' id='word_1_152' title='bbox 2108 2006 2251 2068; x_wconf 93' lang='lat' dir='ltr'>Nos</span> <span class='ocrx_word' id='word_1_153' title='bbox 2276 2017 2497 2068; x_wconf 88' lang='lat' dir='ltr'>autem</span> <span class='ocrx_word' id='word_1_154' title='bbox 2526 2008 2796 2088; x_wconf 91' lang='lat' dir='ltr'>quando</span> 
     </span>
     <span class='ocr_line' id='line_1_18' title="bbox 381 2092 2798 2157; baseline -0 0"><span class='ocrx_word' id='word_1_155' title='bbox 381 2097 476 2157; x_wconf 89' lang='lat' dir='ltr'>eis</span> <span class='ocrx_word' id='word_1_156' title='bbox 553 2096 679 2157; x_wconf 91' lang='lat' dir='ltr'>ista</span> <span class='ocrx_word' id='word_1_157' title='bbox 755 2095 1037 2156; x_wconf 87' lang='lat' dir='ltr'>dicimus</span> <span class='ocrx_word' id='word_1_158' title='bbox 1113 2094 1394 2155; x_wconf 85' lang='lat' dir='ltr'>strident</span> <span class='ocrx_word' id='word_1_159' title='bbox 1457 2092 1770 2155; x_wconf 86' lang='lat' dir='ltr'>dentibus</span> <span class='ocrx_word' id='word_1_160' title='bbox 1832 2094 1966 2154; x_wconf 91' lang='lat' dir='ltr'>suis</span> <span class='ocrx_word' id='word_1_161' title='bbox 2029 2092 2381 2155; x_wconf 89' lang='lat' dir='ltr'>aduersum</span> <span class='ocrx_word' id='word_1_162' title='bbox 2448 2114 2584 2156; x_wconf 80' lang='lat' dir='ltr'>nos,</span> <span class='ocrx_word' id='word_1_163' title='bbox 2706 2094 2798 2156; x_wconf 89' lang='lat' dir='ltr'>Et</span> 
     </span>
    </p>
   </div>
   <div class='ocr_carea' id='block_1_4' title="bbox 381 2180 2798 2332">
    <p class='ocr_par' dir='ltr' id='par_1_5' title="bbox 381 2180 2798 2332">
     <span class='ocr_line' id='line_1_19' title="bbox 383 2180 2798 2304; baseline -0 -61"><span class='ocrx_word' id='word_1_164' title='bbox 383 2182 764 2245; x_wconf 90' lang='lat' dir='ltr'>consolatur</span> <span class='ocrx_word' id='word_1_165' title='bbox 840 2201 960 2304; x_wconf 62' lang='lat' dir='ltr'>ulos</span> <span class='ocrx_word' id='word_1_166' title='bbox 1037 2181 1333 2262; x_wconf 90' lang='lat' dir='ltr'>psalmus</span> <span class='ocrx_word' id='word_1_167' title='bbox 1393 2199 1590 2261; x_wconf 90' lang='lat' dir='ltr'>quem</span> <span class='ocrx_word' id='word_1_168' title='bbox 1655 2180 1951 2255; x_wconf 81' lang='lat' dir='ltr'>audistiS‚</span> <span class='ocrx_word' id='word_1_169' title='bbox 2012 2180 2369 2243; x_wconf 81' lang='lat' dir='ltr'>striderunt</span> <span class='ocrx_word' id='word_1_170' title='bbox 2431 2200 2629 2263; x_wconf 88' lang='lat' dir='ltr'>super</span> <span class='ocrx_word' id='word_1_171' title='bbox 2691 2200 2798 2242; x_wconf 91' lang='lat' dir='ltr'>me</span> 
     </span>
     <span class='ocr_line' id='line_1_20' title="bbox 381 2268 871 2332; baseline -0.006 0"><span class='ocrx_word' id='word_1_172' title='bbox 381 2268 691 2332; x_wconf 88' lang='lat' dir='ltr'>dentibus</span> <span class='ocrx_word' id='word_1_173' title='bbox 723 2269 871 2330; x_wconf 77' lang='lat' dir='ltr'>suis,</span> 
     </span>
    </p>
   </div>
   <div class='ocr_carea' id='block_1_5' title="bbox 1473 2395 1717 2459">
    <p class='ocr_par' dir='ltr' id='par_1_6' title="bbox 1473 2395 1717 2459">
     <span class='ocr_line' id='line_1_21' title="bbox 1473 2395 1717 2459; baseline 0 0"><span class='ocrx_word' id='word_1_174' title='bbox 1473 2395 1717 2459; x_wconf 82' lang='lat' dir='ltr'>Oratio,</span> 
     </span>
    </p>
   </div>
   <div class='ocr_carea' id='block_1_6' title="bbox 386 2509 2798 3239">
    <p class='ocr_par' dir='ltr' id='par_1_7' title="bbox 386 2509 2798 3239">
     <span class='ocr_line' id='line_1_22' title="bbox 396 2509 2795 2640; baseline -0 -68"><span class='ocrx_word' id='word_1_175' title='bbox 396 2510 713 2640; x_wconf 81' lang='lat' dir='ltr'>PResta</span> <span class='ocrx_word' id='word_1_176' title='bbox 773 2529 1133 2591; x_wconf 89' lang='lat' dir='ltr'>quesumus</span> <span class='ocrx_word' id='word_1_177' title='bbox 1189 2509 1615 2589; x_wconf 90' lang='lat' dir='ltr'>omnipotens</span> <span class='ocrx_word' id='word_1_178' title='bbox 1677 2509 1844 2571; x_wconf 89' lang='lat' dir='ltr'>deus</span> <span class='ocrx_word' id='word_1_179' title='bbox 1897 2516 1967 2570; x_wconf 80' lang='lat' dir='ltr'>vt</span> <span class='ocrx_word' id='word_1_180' title='bbox 2022 2510 2523 2572; x_wconf 87' lang='lat' dir='ltr'>obseruationes</span> <span class='ocrx_word' id='word_1_181' title='bbox 2577 2531 2795 2572; x_wconf 85' lang='lat' dir='ltr'>sacras</span> 
     </span>
     <span class='ocr_line' id='line_1_23' title="bbox 532 2595 2796 2679; baseline 0 -19"><span class='ocrx_word' id='word_1_182' title='bbox 532 2618 755 2660; x_wconf 88' lang='lat' dir='ltr'>annua</span> <span class='ocrx_word' id='word_1_183' title='bbox 807 2597 1164 2660; x_wconf 91' lang='lat' dir='ltr'>deuotione</span> <span class='ocrx_word' id='word_1_184' title='bbox 1219 2595 1622 2660; x_wconf 90' lang='lat' dir='ltr'>recolentes:</span> <span class='ocrx_word' id='word_1_185' title='bbox 1691 2605 1757 2658; x_wconf 93' lang='lat' dir='ltr'>et</span> <span class='ocrx_word' id='word_1_186' title='bbox 1818 2618 2092 2678; x_wconf 88' lang='lat' dir='ltr'>corpore</span> <span class='ocrx_word' id='word_1_187' title='bbox 2118 2597 2236 2660; x_wconf 92' lang='lat' dir='ltr'>tibi</span> <span class='ocrx_word' id='word_1_188' title='bbox 2296 2596 2675 2679; x_wconf 89' lang='lat' dir='ltr'>placeamus</span> <span class='ocrx_word' id='word_1_189' title='bbox 2729 2607 2796 2660; x_wconf 93' lang='lat' dir='ltr'>et</span> 
     </span>
     <span class='ocr_line' id='line_1_24' title="bbox 386 2684 1238 2748; baseline -0.004 0"><span class='ocrx_word' id='word_1_190' title='bbox 386 2696 624 2748; x_wconf 88' lang='lat' dir='ltr'>mente.</span> <span class='ocrx_word' id='word_1_191' title='bbox 720 2686 843 2747; x_wconf 91' lang='lat' dir='ltr'>Per</span> <span class='ocrx_word' id='word_1_192' title='bbox 872 2684 1238 2747; x_wconf 91' lang='lat' dir='ltr'>dominum.</span> 
     </span>
     <span class='ocr_line' id='line_1_25' title="bbox 922 2819 2276 2903; baseline 0.001 -20"><span class='ocrx_word' id='word_1_193' title='bbox 922 2827 988 2896; x_wconf 68' lang='grc' dir='ltr'>ΙΙ</span> <span class='ocrx_word' id='word_1_194' title='bbox 1033 2822 1232 2883; x_wconf 78' lang='lat' dir='ltr'>Feria</span> <span class='ocrx_word' id='word_1_195' title='bbox 1263 2821 1375 2901; x_wconf 68' lang='lat' dir='ltr'>jis.</span> <span class='ocrx_word' id='word_1_196' title='bbox 1465 2820 1578 2883; x_wconf 76' lang='lat' dir='ltr'>Ex</span> <span class='ocrx_word' id='word_1_197' title='bbox 1611 2819 1881 2883; x_wconf 50' lang='lat' dir='ltr'>Genesi}</span> <span class='ocrx_word' id='word_1_198' title='bbox 1970 2820 2182 2884; x_wconf 84' lang='lat' dir='ltr'>Lectio</span> <span class='ocrx_word' id='word_1_199' title='bbox 2215 2822 2276 2903; x_wconf 79' lang='lat' dir='ltr'>.J&#39;.</span> 
     </span>
     <span class='ocr_line' id='line_1_26' title="bbox 398 2933 2798 3062; baseline 0.001 -66"><span class='ocrx_word' id='word_1_200' title='bbox 398 2935 662 3062; x_wconf 80' lang='lat' dir='ltr'>ERat</span> <span class='ocrx_word' id='word_1_201' title='bbox 705 2942 929 2996; x_wconf 89' lang='lat' dir='ltr'>autem</span> <span class='ocrx_word' id='word_1_202' title='bbox 971 2933 1314 2996; x_wconf 90' lang='lat' dir='ltr'>Abraham</span> <span class='ocrx_word' id='word_1_203' title='bbox 1363 2953 1571 2995; x_wconf 85' lang='lat' dir='ltr'>senex</span> <span class='ocrx_word' id='word_1_204' title='bbox 1753 2933 2269 2996; x_wconf 87' lang='lat' dir='ltr'>misericordiam</span> <span class='ocrx_word' id='word_1_205' title='bbox 2321 2955 2473 2997; x_wconf 90' lang='lat' dir='ltr'>cum</span> <span class='ocrx_word' id='word_1_206' title='bbox 2521 2934 2798 2998; x_wconf 89' lang='lat' dir='ltr'>domino</span> 
     </span>
     <span class='ocr_line' id='line_1_27' title="bbox 558 3042 725 3083; baseline -0.006 0"><span class='ocrx_word' id='word_1_207' title='bbox 558 3042 725 3083; x_wconf 82' lang='lat' dir='ltr'>meo,</span> 
     </span>
     <span class='ocr_line' id='line_1_28' title="bbox 972 3155 2205 3239; baseline 0.002 -21"><span class='ocrx_word' id='word_1_208' title='bbox 972 3162 1038 3231; x_wconf 68' lang='grc' dir='ltr'>ΙΙ</span> <span class='ocrx_word' id='word_1_209' title='bbox 1070 3157 1181 3218; x_wconf 77' lang='lat' dir='ltr'>Ex</span> <span class='ocrx_word' id='word_1_210' title='bbox 1207 3155 1501 3236; x_wconf 84' lang='lat' dir='ltr'>Epistola</span> <span class='ocrx_word' id='word_1_211' title='bbox 1533 3156 1787 3220; x_wconf 79' lang='lat' dir='ltr'>Iacobz‘.³</span> <span class='ocrx_word' id='word_1_212' title='bbox 1877 3158 2086 3220; x_wconf 85' lang='lat' dir='ltr'>Lectio</span> <span class='ocrx_word' id='word_1_213' title='bbox 2118 3159 2205 3239; x_wconf 57' lang='lat' dir='ltr'>,ill</span> 
     </span>
    </p>
   </div>
   <div class='ocr_carea' id='block_1_7' title="bbox 530 3269 2762 3440">
    <p class='ocr_par' dir='ltr' id='par_1_8' title="bbox 530 3269 2762 3440">
     <span class='ocr_line' id='line_1_29' title="bbox 531 3269 2762 3343; baseline 0.002 -9"><span class='ocrx_word' id='word_1_214' title='bbox 531 3271 721 3335; x_wconf 86' lang='lat' dir='ltr'>Stote</span> <span class='ocrx_word' id='word_1_215' title='bbox 781 3279 1003 3332; x_wconf 91' lang='lat' dir='ltr'>autem</span> <span class='ocrx_word' id='word_1_216' title='bbox 1068 3269 1348 3332; x_wconf 88' lang='lat' dir='ltr'>factores</span> <span class='ocrx_word' id='word_1_217' title='bbox 1407 3271 1606 3343; x_wconf 89' lang='lat' dir='ltr'>verbi,</span> <span class='ocrx_word' id='word_1_218' title='bbox 1657 3280 1724 3333; x_wconf 93' lang='lat' dir='ltr'>et</span> <span class='ocrx_word' id='word_1_219' title='bbox 1784 3291 1916 3333; x_wconf 90' lang='lat' dir='ltr'>non</span> <span class='ocrx_word' id='word_1_220' title='bbox 1981 3271 2314 3334; x_wconf 89' lang='lat' dir='ltr'>auditores</span> <span class='ocrx_word' id='word_1_221' title='bbox 2390 3281 2652 3336; x_wconf 89' lang='lat' dir='ltr'>tantum</span> <span class='ocrx_word' id='word_1_222' title='bbox 2721 3325 2762 3338; x_wconf 92' lang='lat'>..</span> 
     </span>
     <span class='ocr_line' id='line_1_30' title="bbox 530 3358 1900 3440; baseline 0.001 -21"><span class='ocrx_word' id='word_1_223' title='bbox 530 3358 861 3440; x_wconf 87' lang='lat' dir='ltr'>redarguti</span> <span class='ocrx_word' id='word_1_224' title='bbox 894 3378 934 3419; x_wconf 89' lang='lat' dir='ltr'>a</span> <span class='ocrx_word' id='word_1_225' title='bbox 966 3358 1111 3439; x_wconf 88' lang='lat' dir='ltr'>lege</span> <span class='ocrx_word' id='word_1_226' title='bbox 1143 3359 1330 3437; x_wconf 89' lang='lat' dir='ltr'>quasi</span> <span class='ocrx_word' id='word_1_227' title='bbox 1370 3366 1900 3440; x_wconf 81' lang='lat' dir='ltr'>transgressores,</span> 
     </span>
    </p>
   </div>
   <div class='ocr_carea' id='block_1_8' title="bbox 1007 3518 2197 3584">
    <p class='ocr_par' dir='ltr' id='par_1_9' title="bbox 1007 3518 2197 3584">
     <span class='ocr_line' id='line_1_31' title="bbox 1007 3518 2197 3584; baseline 0.003 -3"><span class='ocrx_word' id='word_1_228' title='bbox 1007 3519 1226 3581; x_wconf 78' lang='lat' dir='ltr'>Tertia</span> <span class='ocrx_word' id='word_1_229' title='bbox 1257 3519 1432 3581; x_wconf 83' lang='lat' dir='ltr'>lectio</span> <span class='ocrx_word' id='word_1_230' title='bbox 1467 3519 1811 3581; x_wconf 80' lang='lat' dir='ltr'>secundum</span> <span class='ocrx_word' id='word_1_231' title='bbox 1844 3518 2197 3584; x_wconf 76' lang='lat' dir='ltr'>Ioanncm.⁴</span> 
     </span>
    </p>
   </div>
   <div class='ocr_carea' id='block_1_9' title="bbox 472 3630 2796 3803">
    <p class='ocr_par' dir='ltr' id='par_1_10' title="bbox 472 3630 2796 3803">
     <span class='ocr_line' id='line_1_32' title="bbox 472 3630 2796 3713; baseline 0.001 -19"><span class='ocrx_word' id='word_1_232' title='bbox 472 3633 532 3695; x_wconf 89' lang='lat' dir='ltr'>N</span> <span class='ocrx_word' id='word_1_233' title='bbox 597 3632 709 3694; x_wconf 86' lang='lat' dir='ltr'>illo</span> <span class='ocrx_word' id='word_1_234' title='bbox 757 3640 1072 3713; x_wconf 89' lang='lat' dir='ltr'>tempore,</span> <span class='ocrx_word' id='word_1_235' title='bbox 1124 3631 1266 3693; x_wconf 89' lang='lat' dir='ltr'>Iam</span> <span class='ocrx_word' id='word_1_236' title='bbox 1329 3630 1436 3693; x_wconf 92' lang='lat' dir='ltr'>die</span> <span class='ocrx_word' id='word_1_237' title='bbox 1498 3630 1668 3693; x_wconf 88' lang='lat' dir='ltr'>festo</span> <span class='ocrx_word' id='word_1_238' title='bbox 1732 3632 2066 3694; x_wconf 90' lang='lat' dir='ltr'>mediante</span> <span class='ocrx_word' id='word_1_239' title='bbox 2136 3635 2434 3697; x_wconf 90' lang='lat' dir='ltr'>ascendit</span> <span class='ocrx_word' id='word_1_240' title='bbox 2487 3635 2668 3697; x_wconf 90' lang='lat' dir='ltr'>lesus</span> <span class='ocrx_word' id='word_1_241' title='bbox 2733 3636 2796 3697; x_wconf 92' lang='lat' dir='ltr'>in</span> 
     </span>
     <span class='ocr_line' id='line_1_33' title="bbox 497 3717 2624 3803; baseline 0.002 -22"><span class='ocrx_word' id='word_1_242' title='bbox 497 3720 838 3803; x_wconf 89' lang='lat' dir='ltr'>templum,</span> <span class='ocrx_word' id='word_1_243' title='bbox 869 3728 935 3781; x_wconf 95' lang='lat' dir='ltr'>et</span> <span class='ocrx_word' id='word_1_244' title='bbox 967 3718 1267 3793; x_wconf 87' lang='lat' dir='ltr'>docebat,</span> <span class='ocrx_word' id='word_1_245' title='bbox 1298 3726 1365 3780; x_wconf 92' lang='lat' dir='ltr'>et</span> <span class='ocrx_word' id='word_1_246' title='bbox 1396 3717 1895 3781; x_wconf 90' lang='lat' dir='ltr'>admirabantur</span> <span class='ocrx_word' id='word_1_247' title='bbox 1931 3719 2135 3784; x_wconf 91' lang='lat' dir='ltr'>Iudei.</span> <span class='ocrx_word' id='word_1_248' title='bbox 2228 3721 2318 3782; x_wconf 88' lang='lat' dir='ltr'>Et</span> <span class='ocrx_word' id='word_1_249' title='bbox 2357 3722 2624 3802; x_wconf 89' lang='lat' dir='ltr'>reliqua.</span> 
     </span>
    </p>
   </div>
   <div class='ocr_carea' id='block_1_10' title="bbox 950 3879 2236 3965">
    <p class='ocr_par' dir='ltr' id='par_1_11' title="bbox 950 3879 2236 3965">
     <span class='ocr_line' id='line_1_34' title="bbox 950 3879 2236 3965; baseline 0.003 -22"><span class='ocrx_word' id='word_1_250' title='bbox 950 3881 1034 3943; x_wconf 90' lang='lat' dir='ltr'><em>H</em></span> <span class='ocrx_word' id='word_1_251' title='bbox 1028 3879 1299 3962; x_wconf 85' lang='lat' dir='ltr'>omelia†</span> <span class='ocrx_word' id='word_1_252' title='bbox 1328 3881 1539 3943; x_wconf 81' lang='lat' dir='ltr'>sancti</span> <span class='ocrx_word' id='word_1_253' title='bbox 1566 3881 1934 3963; x_wconf 78' lang='lat' dir='ltr'>Augustini</span> <span class='ocrx_word' id='word_1_254' title='bbox 1959 3883 2236 3965; x_wconf 80' lang='lat' dir='ltr'>episcopi.</span> 
     </span>
    </p>
   </div>
   <div class='ocr_carea' id='block_1_11' title="bbox 387 3993 2798 4322">
    <p class='ocr_par' dir='ltr' id='par_1_12' title="bbox 387 3993 2798 4322">
     <span class='ocr_line' id='line_1_35' title="bbox 403 3993 2798 4123; baseline 0.001 -65"><span class='ocrx_word' id='word_1_255' title='bbox 403 3996 593 4123; x_wconf 84' lang='lat' dir='ltr'>ILle</span> <span class='ocrx_word' id='word_1_256' title='bbox 624 3996 735 4076; x_wconf 91' lang='lat' dir='ltr'>qui</span> <span class='ocrx_word' id='word_1_257' title='bbox 771 3995 1035 4069; x_wconf 84' lang='lat' dir='ltr'>latebat,</span> <span class='ocrx_word' id='word_1_258' title='bbox 1062 3994 1363 4069; x_wconf 86' lang='lat' dir='ltr'>docebat,</span> <span class='ocrx_word' id='word_1_259' title='bbox 1386 4003 1453 4056; x_wconf 93' lang='lat' dir='ltr'>et</span> <span class='ocrx_word' id='word_1_260' title='bbox 1487 3993 1706 4075; x_wconf 88' lang='lat' dir='ltr'>palam</span> <span class='ocrx_word' id='word_1_261' title='bbox 1742 3994 2136 4074; x_wconf 87' lang='lat' dir='ltr'>loquebatur</span> <span class='ocrx_word' id='word_1_262' title='bbox 2165 4006 2234 4059; x_wconf 91' lang='lat' dir='ltr'>et</span> <span class='ocrx_word' id='word_1_263' title='bbox 2266 4018 2398 4060; x_wconf 93' lang='lat' dir='ltr'>non</span> <span class='ocrx_word' id='word_1_264' title='bbox 2433 3999 2798 4063; x_wconf 87' lang='lat' dir='ltr'>tenebatur.</span> 
     </span>
     <span class='ocr_line' id='line_1_36' title="bbox 508 4080 2797 4165; baseline 0.001 -20"><span class='ocrx_word' id='word_1_265' title='bbox 508 4082 674 4145; x_wconf 86' lang='lat' dir='ltr'>lllud</span> <span class='ocrx_word' id='word_1_266' title='bbox 705 4083 883 4144; x_wconf 91' lang='lat' dir='ltr'>enim</span> <span class='ocrx_word' id='word_1_267' title='bbox 918 4094 985 4144; x_wconf 92' lang='lat' dir='ltr'>vt</span> <span class='ocrx_word' id='word_1_268' title='bbox 1020 4080 1276 4144; x_wconf 83' lang='lat' dir='ltr'>lateret⁵</span> <span class='ocrx_word' id='word_1_269' title='bbox 1308 4091 1448 4143; x_wconf 92' lang='lat' dir='ltr'>erat</span> <span class='ocrx_word' id='word_1_270' title='bbox 1480 4101 1678 4143; x_wconf 90' lang='lat' dir='ltr'>causa</span> <span class='ocrx_word' id='word_1_271' title='bbox 1709 4082 2021 4163; x_wconf 85' lang='lat' dir='ltr'>exempli,</span> <span class='ocrx_word' id='word_1_272' title='bbox 2047 4081 2172 4145; x_wconf 90' lang='lat' dir='ltr'>hoc</span> <span class='ocrx_word' id='word_1_273' title='bbox 2207 4086 2571 4165; x_wconf 79' lang='lat' dir='ltr'>potestatis,</span> <span class='ocrx_word' id='word_1_274' title='bbox 2663 4085 2797 4150; x_wconf 88' lang='lat' dir='ltr'>Sed</span> 
     </span>
     <span class='ocr_line' id='line_1_37' title="bbox 387 4166 2796 4252; baseline 0.001 -21"><span class='ocrx_word' id='word_1_275' title='bbox 387 4190 536 4231; x_wconf 89' lang='lat' dir='ltr'>cum</span> <span class='ocrx_word' id='word_1_276' title='bbox 615 4169 881 4231; x_wconf 90' lang='lat' dir='ltr'>doceret</span> <span class='ocrx_word' id='word_1_277' title='bbox 958 4169 1368 4231; x_wconf 88' lang='lat' dir='ltr'>mirabantur</span> <span class='ocrx_word' id='word_1_278' title='bbox 1449 4168 1652 4230; x_wconf 90' lang='lat' dir='ltr'>Iudei.</span> <span class='ocrx_word' id='word_1_279' title='bbox 1773 4166 2031 4231; x_wconf 91' lang='lat' dir='ltr'>Omnes</span> <span class='ocrx_word' id='word_1_280' title='bbox 2113 4170 2381 4250; x_wconf 90' lang='lat' dir='ltr'>quidem</span> <span class='ocrx_word' id='word_1_281' title='bbox 2472 4182 2796 4252; x_wconf 88' lang='lat' dir='ltr'>quantum</span> 
     </span>
     <span class='ocr_line' id='line_1_38' title="bbox 389 4254 2798 4322; baseline 0.002 -5"><span class='ocrx_word' id='word_1_282' title='bbox 389 4257 665 4319; x_wconf 91' lang='lat' dir='ltr'>arbitror</span> <span class='ocrx_word' id='word_1_283' title='bbox 714 4256 1155 4318; x_wconf 87' lang='lat' dir='ltr'>mirabantur:</span> <span class='ocrx_word' id='word_1_284' title='bbox 1202 4254 1317 4317; x_wconf 93' lang='lat' dir='ltr'>sed</span> <span class='ocrx_word' id='word_1_285' title='bbox 1374 4275 1505 4317; x_wconf 92' lang='lat' dir='ltr'>non</span> <span class='ocrx_word' id='word_1_286' title='bbox 1555 4274 1789 4316; x_wconf 87' lang='lat' dir='ltr'>omnes</span> <span class='ocrx_word' id='word_1_287' title='bbox 1838 4257 2410 4322; x_wconf 89' lang='lat' dir='ltr'>conuertebantur.</span> <span class='ocrx_word' id='word_1_288' title='bbox 2504 4259 2593 4322; x_wconf 83' lang='lat' dir='ltr'>Et</span> <span class='ocrx_word' id='word_1_289' title='bbox 2625 4260 2798 4322; x_wconf 90' lang='lat' dir='ltr'>vnde</span> 
     </span>
    </p>
   </div>
   <div class='ocr_carea' id='block_1_12' title="bbox 483 4439 2596 4572">
    <p class='ocr_par' dir='ltr' id='par_1_13' title="bbox 483 4439 2596 4572">
     <span class='ocr_line' id='line_1_39' title="bbox 483 4439 2232 4506; baseline 0.001 -14"><span class='ocrx_word' id='word_1_290' title='bbox 483 4442 501 4472; x_wconf 84' lang='lat'>¹</span> <span class='ocrx_word' id='word_1_291' title='bbox 538 4444 790 4493; x_wconf 82' lang='lat' dir='ltr'>Miserere.</span> <span class='ocrx_word' id='word_1_292' title='bbox 824 4453 898 4506; x_wconf 81' lang='lat'>50.</span> <span class='ocrx_word' id='word_1_293' title='bbox 930 4444 1039 4492; x_wconf 84' lang='lat' dir='ltr'>add.</span> <span class='ocrx_word' id='word_1_294' title='bbox 1071 4442 1149 4506; x_wconf 84' lang='lat'>63.</span> <span class='ocrx_word' id='word_1_295' title='bbox 1364 4439 1386 4470; x_wconf 75' lang='lat'>2</span> <span class='ocrx_word' id='word_1_296' title='bbox 1419 4440 1546 4505; x_wconf 87' lang='lat' dir='ltr'>Cap.</span> <span class='ocrx_word' id='word_1_297' title='bbox 1583 4454 1645 4501; x_wconf 82' lang='lat'>24</span> <span class='ocrx_word' id='word_1_298' title='bbox 1671 4442 1728 4489; x_wconf 84' lang='lat' dir='ltr'>in</span> <span class='ocrx_word' id='word_1_299' title='bbox 1754 4458 1818 4490; x_wconf 88' lang='lat' dir='ltr'>m.</span> <span class='ocrx_word' id='word_1_300' title='bbox 1876 4442 2028 4502; x_wconf 78' lang='lat' dir='ltr'>[xxiv.</span> <span class='ocrx_word' id='word_1_301' title='bbox 2067 4445 2232 4505; x_wconf 78' lang='lat'>1-14.]</span> 
     </span>
     <span class='ocr_line' id='line_1_40' title="bbox 483 4504 2596 4572; baseline 0.001 -15"><span class='ocrx_word' id='word_1_302' title='bbox 483 4507 504 4538; x_wconf 80' lang='lat'><strong>³</strong></span> <span class='ocrx_word' id='word_1_303' title='bbox 538 4508 590 4568; x_wconf 86' lang='lat' dir='ltr'>[i.</span> <span class='ocrx_word' id='word_1_304' title='bbox 622 4509 801 4557; x_wconf 88' lang='lat' dir='ltr'>22—ii.</span> <span class='ocrx_word' id='word_1_305' title='bbox 833 4509 909 4569; x_wconf 89' lang='lat'>9.]</span> <span class='ocrx_word' id='word_1_306' title='bbox 1366 4504 1386 4535; x_wconf 78' lang='lat'><strong>⁴</strong></span> <span class='ocrx_word' id='word_1_307' title='bbox 1422 4508 1510 4556; x_wconf 90' lang='lat' dir='ltr'>Ca.</span> <span class='ocrx_word' id='word_1_308' title='bbox 1543 4516 1570 4567; x_wconf 90' lang='lat'>7</span> <span class='ocrx_word' id='word_1_309' title='bbox 1597 4508 1655 4554; x_wconf 84' lang='lat' dir='ltr'>in</span> <span class='ocrx_word' id='word_1_310' title='bbox 1681 4524 1744 4555; x_wconf 86' lang='lat' dir='ltr'>m.</span> <span class='ocrx_word' id='word_1_311' title='bbox 2219 4508 2240 4538; x_wconf 77' lang='lat'>⁶</span> <span class='ocrx_word' id='word_1_312' title='bbox 2273 4509 2482 4559; x_wconf 87' lang='lat' dir='ltr'>laterat:</span> <span class='ocrx_word' id='word_1_313' title='bbox 2521 4508 2596 4572; x_wconf 89' lang='lat'>38.</span> 
     </span>
    </p>
   </div>
  </div>
 </body>
</html>
