3293 5225
816 457 1198 508 DOMJNJCA
1256 457 1613 508 SECUNDA
1676 457 1986 519 QUADRA
1996 457 2346 506 οἱὸ-[ΑΜΕ.
2728 467 2760 517 9
2765 464 2792 519 5

957 662 1181 725 Tertia
1210 662 1389 726 lectio
1416 663 1767 726 secundum
1800 658 2220 728 Mattheum.¹

454 791 515 854 N
579 791 694 855 illo
754 800 1070 874 tempore.
1186 791 1572 874 Assumpsit
1621 792 1807 854 Iesus
1866 792 2133 855 Petrum
2196 801 2265 855 et
2330 790 2669 867 Iacobum,
2721 799 2789 853 et

484 879 802 942 Ioannem
860 879 1128 943 fratrem
1180 880 1358 942 eius:
1406 887 1473 941 et
1523 878 1723 942 duxit
1777 877 1925 941 illos
1970 879 2034 941 in
2092 895 2390 942 montem
2443 879 2784 941 excelsum

361 986 683 1042 seorsum,
712 975 780 1029 et
812 965 1320 1048 transfiguratus
1352 974 1453 1028 est
1484 976 1641 1029 ante
1673 986 1808 1029 eOS.
1899 966 1990 1029 Et
2023 966 2290 1048 reliqua.

1086 1153 1382 1217 Homilia
1409 1153 1626 1217 sancti
1651 1152 1887 1216 Leonis
1901 1164 2084 1235 pape.

380 1284 880 1413 EVangelica
912 1283 1108 1348 lectio
1127 1282 1557 1357 dilectissimi,
1583 1303 1714 1365 que
1739 1303 1858 1364 per
1875 1302 2067 1345 aures
2096 1284 2387 1366 corporis
2409 1283 2783 1347 interiorem

538 1372 859 1435 mentium
896 1381 1268 1434 nostrarum
1316 1369 1606 1454 pulsauit
1659 1371 1982 1447 auditum,
2013 1370 2097 1433 ad
2131 1372 2356 1453 magni
2386 1370 2786 1434 sacramenti

367 1479 487 1523 nos
549 1459 1057 1541 intelligentiam
1105 1467 1317 1521 vocat.
1409 1456 1633 1539 Quam
1684 1457 2047 1541 inspirante
2092 1459 2307 1540 gratia
2352 1457 2460 1521 dei
2530 1458 2783 1522 facilius

362 1566 816 1627 assequemur,
882 1546 937 1608 si
998 1545 1599 1608 considerationem
1678 1554 1975 1608 nostram
2053 1549 2139 1607 ad
2217 1565 2297 1607 ea
2371 1566 2502 1628 que
2573 1549 2779 1628 paulo

364 1633 664 1717 superius
711 1642 865 1696 sunt
898 1643 1162 1696 narrata
1196 1632 1573 1695 reseramus
1667 1631 1981 1696 Saluator
2010 1632 2188 1694 enim
2214 1632 2488 1696 humani
2522 1635 2780 1734 generis

360 1720 529 1784 deus
580 1720 897 1796 Christus,
948 1721 1243 1782 condens
1292 1738 1442 1781 eam
1493 1718 1696 1781 fidem
1748 1738 1879 1800 que
1932 1720 2172 1802 impios
2205 1721 2289 1782 ad
2343 1721 2681 1797 iustitiam,
2712 1732 2779 1785 et

367 1818 665 1872 mortuos
726 1816 994 1870 reuocat
1053 1806 1137 1868 ad
1201 1807 1427 1882 vitam,
1480 1804 1565 1869 ad
1623 1804 1750 1869 hoc
1811 1805 2171 1889 discipulos
2262 1827 2417 1871 suos
2479 1770 2780 1871 doctrine

366 1896 653 1971 monitis,
684 1906 751 1958 et
782 1913 1057 1976 operum
1092 1893 1425 1956 miraculis
1459 1893 1817 1969 imbuebat,
1849 1903 1920 1956 vt
1943 1892 2118 1956 idem
2151 1905 2220 1957 et
2251 1895 2632 1977 vnigenitus
2651 1896 2779 1972 dei,

362 1993 432 2046 et
461 1982 633 2045 filius
666 1982 953 2044 hominis
984 1979 1371 2044 crederetur.
1466 1979 1644 2042 Nam
1698 2000 1902 2043 vnuin
1965 1980 2200 2043 horum
2253 1982 2394 2044 sine
2449 1983 2581 2045 alio
2642 2002 2776 2045 non

365 2072 677 2150 proderat
707 2068 792 2131 ad
824 2067 1106 2131 salutem
1134 2076 1240 2130 :et
1272 2066 1526 2148 equalis
1572 2076 1716 2130 crat
1762 2068 2051 2150 periculi,
2083 2070 2426 2131 dominum
2478 2079 2776 2132 nostrum

368 2156 590 2219 Iesum
647 2155 1006 2232 Christum,
1053 2164 1170 2218 aut
1217 2153 1419 2217 deum
1475 2153 1948 2218 tantummodo
1978 2157 2120 2218 sine
2153 2157 2439 2229 homine,
2472 2165 2589 2219 aut
2634 2157 2776 2220 sine

358 2243 492 2306 deo
551 2242 767 2305 solum
830 2242 1170 2304 hominem
1224 2242 1597 2317 credidisse,
1657 2261 1806 2304 cum
1871 2253 2225 2323 vtrumque
2286 2251 2461 2306 esset
2533 2244 2779 2325 pariter

358 2328 832 2393 confitendum.
868 2326 1045 2410 Quia
1060 2330 1229 2393 sicut
1249 2330 1378 2392 deo
1390 2348 1546 2391 vera
1568 2328 1969 2405 humanitaS,
1999 2331 2091 2392 ita
2112 2331 2364 2392 homini
2391 2331 2601 2393 inerat
2622 2351 2776 2393 vera

355 2417 692 2480 diuinitas
784 2415 896 2479 Ad
930 2415 1454 2479 confirmandam
1486 2435 1650 2497 ergo
1680 2415 1871 2478 huius
1903 2415 2056 2479 fidei
2088 2417 2542 2481 salubritatem
2578 2419 2777 2481 inter-

363 2515 712 2585 rogauerat
734 2502 1094 2585 discipulos
1117 2523 1272 2567 suos
1294 2502 1787 2566 dominusinter
1809 2503 2103 2566 diuersas
2126 2503 2407 2567 aliorum
2428 2506 2776 2586 opiniones

361 2593 518 2673 quid
547 2591 670 2675 ipsi
695 2591 780 2655 de
811 2611 891 2655 eo
922 2590 1281 2668 crederent,
1311 2589 1557 2673 quidue
1587 2591 1922 2655 sentirent.
2013 2590 2145 2655 Vbi
2180 2591 2522 2675 apostolus
2545 2593 2778 2656 Petrus

356 2699 478 2761 per
529 2680 999 2742 reuelationem
1050 2679 1294 2741 summi
1346 2679 1569 2761 patriS‚
1618 2698 1934 2761 corporea
1989 2699 2308 2762 superans
2367 2690 2435 2743 et
2481 2679 2776 2744 humana

361 2768 836 2829 transcendens
868 2766 1032 2829 vidit
1061 2765 1268 2828 oculis
1300 2766 1542 2828 mentis
1585 2764 1794 2828 filium
1829 2766 1935 2828 dei
1982 2767 2132 2837 viui,
2164 2776 2231 2830 et
2276 2766 2643 2830 confessus²
2673 2777 2774 2831 est

360 2853 639 2934 gloriam
673 2853 961 2929 deitatiS,
990 2852 1146 2935 quia
1180 2872 1312 2915 non
1345 2851 1430 2915 ad
1463 2852 1675 2914 solam
1725 2854 2020 2934 respexit
2066 2853 2507 2916 substantiam
2555 2856 2772 2917 carnis

354 2949 425 3002 et
458 2940 835 3022 sanguinis:
861 2939 1292 3022 Tantumque
1324 2939 1390 3001 in
1421 2939 1546 3001 hac
1578 2938 1731 3003 fidei
1786 2939 2194 3003 sublimitate
2240 2939 2661 3024 complacuit,
2703 2953 2772 3005 vt

361 3025 787 3090 beatitudinis
820 3026 1133 3091 felicitate
1163 3026 1435 3090 dotatus
1480 3046 1734 3089 sacram
1784 3026 2181 3090 inuiolabilis
2213 3039 2400 3110 petre
2443 3029 2773 3111 acciperet

359 3113 759 3191 firmitatem,
791 3135 989 3197 supra
1020 3134 1222 3196 quam
1269 3111 1548 3177 fundata
1592 3113 1870 3177 ecclesia
1916 3116 2123 3197 portis
2155 3115 2388 3177 inferni
2420 3124 2487 3178 et
2519 3115 2774 3179 mortis³

360 3200 617 3283 legibus
649 3201 1033 3283 preualeret.
1114 3200 1176 3263 N
1182 3221 1257 3264 ec
1290 3202 1356 3263 in
1388 3200 1727 3264 soluendis
1758 3211 1874 3265 aut
1906 3201 2194 3284 ligandis
2225 3222 2773 3286 quorumcunque

352 3288 591 3363 causiS,
650 3288 830 3352 aliud
892 3298 1107 3352 ratum
1169 3298 1344 3352 esset
1404 3288 1469 3350 in
1531 3288 1692 3365 celo,
1743 3308 1946 3370 quam
2009 3288 2190 3371 quod
2255 3290 2431 3353 Petri
2493 3292 2772 3354 sedisset

351 3376 674 3439 arbitrio!

1443 3528 1689 3594 Oratio,

370 3658 779 3788 populum
814 3669 1003 3722 tuum
1049 3678 1413 3759 quesumus
1460 3658 1732 3721 domine
1779 3658 2101 3742 propitius
2135 3659 2401 3741 respice,
2433 3669 2635 3743 atque
2683 3661 2769 3726 ab

507 3767 589 3809 eo
623 3746 887 3831 flagella
918 3757 1033 3809 tue
1065 3745 1401 3809 iracundie
1432 3746 1796 3809 clementer
1826 3754 2069 3811 auerte.
2163 3746 2300 3809 Per.

521 3971 589 4041 (Ι
619 3965 966 4028 Dominica
993 3986 1271 4028 secunaa
1299 3965 1793 4047 quadragesime
1820 3985 1900 4028 ex
1932 3963 2202 4031 Genesi?
2291 3966 2504 4029 Lectio
2535 3967 2593 4032 ,22

370 4093 593 4222 HIS
668 4096 892 4176 itaque
965 4094 1318 4158 transactis
1394 4094 1606 4157 sactus
1681 4102 1782 4157 est
1858 4114 2075 4157 sermo
2223 4094 2639 4173 Chananeos,
2700 4106 2767 4160 et

552 4181 940 4265 GergeseOS,
972 4191 1039 4245 et
1077 4182 1409 4245 IebuseOS.

455 4387 473 4418 ¹
509 4390 596 4441 Ca.
627 4400 671 4452 7.
697 4391 754 4439 in
779 4407 844 4440 m.
872 4391 939 4439 So
958 4392 1062 4439 also
1082 4389 1161 4454 38.
1234 4390 1367 4442 xvii.
1404 4402 1481 4454 39.
1786 4386 1809 4418 ¹
1839 4388 2124 4439 consestus:
2160 4388 2238 4452 38.

453 4451 476 4484 ³
508 4457 688 4506 morti·
723 4455 802 4505 66.
1786 4452 1808 4483 ⁴
1843 4455 2096 4505 Miserere.
2128 4465 2204 4518 5ο.
2232 4456 2344 4505 add.
2372 4454 2452 4518 63.

452 4516 475 4549 ⁸
508 4520 595 4570 Ca.
626 4532 682 4585 15
709 4537 857 4570 mm.
885 4521 985 4582 [xv.
1021 4521 1190 4583 1-21.]
