3293 5225
692 1122 1442 1196 PSALTERIVM¹
1534 1119 2230 1193 DISPOSITVM
2352 1119 2462 1192 IN

345 1352 483 1414 dies
517 1376 541 1413 .·
572 1362 639 1413 et
696 1351 892 1414 horas
949 1351 1172 1413 ordine
1203 1373 1226 1413 .·
1256 1352 1402 1431 qu0²
1462 1359 1666 1411 totum
1718 1348 1999 1430 singulis
2044 1345 2488 1411 hebdomade?
2534 1347 2782 1411 debitur

334 1450 457 1519 per
484 1449 696 1501 totum
728 1459 990 1501 annum.

1038 1582 1103 1651 11
1136 1576 1487 1639 Dominica
1518 1575 1616 1638 ad
1637 1574 2103 1636 ,Matutinumf

1267 1689 1584 1751 Psalmus
1597 1687 1877 1769 primm.

369 1802 701 1931 BEatus
732 1804 831 1864 vir
859 1803 971 1883 qui
1004 1823 1137 1864 non
1171 1801 1338 1882 abijt
1485 1801 1552 1863 et
1598 1801 1719 1863 iter
1767 1799 2120 1879 impiorum
2169 1798 2426 1879 peribit.

570 1888 830 1951 Deinde
856 1888 1113 1952 dicitur.
1206 1887 1433 1952 Gloria
1466 1887 1634 1969 patri
1674 1910 1687 1949 :
1719 1895 1787 1949 et
1819 1885 1955 1948 filio
1991 1909 2005 1948 ε
2037 1894 2103 1948 et
2136 1885 2393 1968 spiritui
2428 1893 2687 1947 sancto.

492 1975 679 2039 Sicut
726 1986 867 2040 erat
912 1976 979 2038 in
1043 1976 1367 2058 principio
1425 1985 1492 2037 et
1554 1994 1729 2037 nunc
1789 1982 1857 2036 et
1916 1992 2180 2054 semper
2227 1994 2243 2035 z
2288 1981 2357 2035 et
2419 1972 2484 2034 in
2550 1971 2776 2034 secula

355 2063 734 2126 seculorum
769 2113 782 2126 .
816 2063 1058 2128 Amen.

491 2149 799 2213 Predicto
834 2150 1016 2213 modo
1061 2150 1317 2213 dicitur.
1355 2148 1584 2212 Gloria
1615 2146 1841 2229 patri.
1859 2155 1967 2210 etc.
2000 2147 2068 2209 in
2083 2145 2230 2228 fine
2249 2145 2543 2208 omnium
2578 2145 2780 2208 Psal-

355 2258 613 2299 morum
642 2247 705 2300 et
731 2237 1122 2300 canticorum
1140 2248 1267 2318 per
1282 2247 1484 2300 totum
1515 2255 1764 2298 annum
1799 2259 1822 2298 .·
1845 2243 2257 2315 preterquam
2283 2233 2354 2295 in
2387 2233 2608 2295 triduo
2629 2242 2794 2295 ante*

338 2322 588 2404 pascha
623 2348 646 2386 .·
676 2333 739 2385 et
768 2325 837 2385 in
867 2322 1062 2405 officio
1090 2324 1468 2404 defunctam
1475 2345 1538 2386 m
1573 2347 1596 2386 .·
1627 2332 1689 2384 et
1734 2323 1802 2384 in
1834 2322 2075 2384 cantico
2105 2320 2310 2383 trium
2329 2331 2721 2401 puerorum..

1322 2486 1663 2549 ‘’Psalmus
1691 2486 1822 2549 jx!

358 2597 843 2730 COnfitebor
872 2599 990 2663 tibi
1024 2599 1294 2662 domine
1442 2599 1646 2662 homo
1678 2619 1878 2681 super
1907 2607 2173 2661 terram.

1316 2824 1656 2887 ⁷Psalmus
1686 2841 1804 2904 .17.

374 2935 757 3084 Dlligarln
828 2946 894 2998 te
961 2935 1234 2998 domine
1290 2935 1612 2999 fortitudo
1668 2955 1819 2998 mea
1966 2937 2204 3000 semini
2258 2938 2399 3001 eius
2457 2960 2661 3022 vsque
2715 2943 2789 3004 1'1r

539 3043 694 3085 secu
722 3043 853 3086 um.

489 3139 554 3208 (Ι
592 3134 876 3215 Sequens
945 3134 1224 3214 hymnus
1311 3135 1556 3198 dicitur
1622 3134 1852 3215 finitis
1939 3135 2149 3199 tribus
2236 3137 2607 3202 lectionibus
2692 3143 2793 3205 aa'

362 3222 761 3284 matutinum
817 3233 943 3303 per
1012 3232 1212 3285 totum
1288 3244 1535 3284 annum
1596 3231 2014 3304 preterquam
2091 3223 2160 3284 in
2235 3226 2544 3302 aduentu,
2603 3237 2664 3290 et
2737 3251 2784 3290 a

359 3308 683 3370 dominica
714 3308 810 3370 ιἰι8
838 3311 1304 3390 septuagesima
1337 3331 1531 3390 vsque
1575 3309 1674 3371 ad
1693 3309 1956 3388 pascha,
1989 3319 2052 3371 et
2094 3311 2292 3373 etiam
2338 3323 2494 3375 tunc
2534 3314 2787 3377 dicitur

362 3397 430 3458 si
456 3405 704 3476 agatur
730 3396 804 3456 de
834 3396 1050 3476 aliquo
1077 3400 1338 3459 sanct0.⁰

468 3604 481 3633 ¹
518 3606 719 3654 David:
757 3606 868 3654 add.
898 3605 977 3667 63.
1223 3603 1244 3634 ²
1275 3622 1369 3653 om.
1398 3605 1477 3665 64.
1935 3604 1956 3633 ³
1989 3606 2422 3658 hebdomadibus:
2460 3608 2539 3657 61.
2570 3609 2648 3671 64.
2678 3610 2765 3659 66.

459 3671 481 3699 ⁴
516 3674 877 3735 Argumentum
918 3670 1099 3720 Psalmi
1140 3683 1181 3718 1.
1256 3671 1481 3720 Psalmus
1516 3670 1580 3719 de
1619 3670 1825 3730 Christi,
1865 3671 1968 3720 siue
2007 3672 2070 3720 de
2108 3671 2201 3720 viri
2239 3671 2353 3722 iusti
2391 3673 2696 3738 perfectione
2733 3685 2790 3725 et

362 3736 640 3795 faelicitate,
665 3736 1038 3801 Impiorumque
1059 3736 1279 3784 vanitate
1301 3745 1350 3784 et
1371 3736 1726 3786 damnatione:
1762 3738 1875 3785 add.
1905 3736 1984 3785 61.
2013 3745 2107 3786 etc.

459 3802 523 3863 63
558 3802 683 3849 adds·
719 3809 775 3849 at
809 3802 1009 3864 length:
1050 3802 1193 3850 Pater
1229 3811 1395 3850 noster
1503 3818 1534 3850 a
1578 3803 1712 3850 malo
1754 3804 1934 3850 Arnen.
2008 3803 2118 3851 Ave
2159 3803 2321 3851 Maria
2435 3805 2786 3869 pecmtoribus

358 3870 541 3916 Amen.
637 3865 895 3917 Confiteor
940 3867 1051 3915 Deo
1160 3883 1300 3915 orare
1346 3883 1436 3942 pro
1473 3882 1570 3915 me.
1641 3868 1901 3916 Absolutio
1947 3866 2241 3916 Misereatur
2352 3879 2622 3920 aeternam.
2761 3909 2774 3921 .

356 3935 539 3982 Amen.
615 3920 680 3995 Ῡ.
722 3932 1089 3996 Indulgentiam
1200 3930 1478 3982 misericors
1500 3932 1745 3981 dominus.
1818 3933 1892 3997 Ry.
1934 3933 2113 3981 Amen.
2188 3933 2407 3984 Domine
2432 3936 2565 3985 labia
2590 3952 2700 3985 mea
2720 3975 2780 3985 ...

358 3999 495 4048 Sicut
520 4007 642 4046 erat.
721 3997 1005 4046 Haleluiah.
1077 3998 1447 4046 Inuitaton'um
1472 3998 1522 4045 si
1547 3997 1609 4045 ab
1641 4014 1755 4056 vno,
1793 3999 1944 4046 semel
1970 3998 2174 4046 dicitur.
2247 4000 2312 4047 Si
2342 4016 2373 4047 a
2408 4002 2598 4049 duobus
2632 4004 2778 4064 repli-

353 4073 515 4111 catur.
584 4062 765 4112 Venite
787 4065 1062 4113 exultemus
1171 4062 1296 4112 sicut
1319 4073 1438 4112 erat.
1507 4063 1770 4126 Repetitur
1792 4064 2166 4112 inuitatorium.
2254 4066 2496 4127 Hymnus
2511 4074 2786 4130 competens

354 4131 563 4177 dicitur.
644 4128 921 4193 Quofim'to
940 4128 1237 4191 Anttpltona
1250 4129 1642 4191 pronunciatur.
1716 4128 1819 4191 [Cf.
1850 4129 2001 4177 Dom.
2031 4129 2062 4178 i.
2092 4129 2370 4189 Aduentus,
2399 4148 2448 4196 p.
2479 4133 2589 4195 32.]

451 4193 474 4222 ³
511 4193 772 4243 Exhibitio
796 4193 955 4242 laudis
976 4193 1176 4252 diuinae,
1203 4203 1404 4258 propter
1425 4194 1611 4256 duplex
1633 4194 1815 4242 iustum
1840 4194 2074 4242 iudicium
2110 4193 2294 4245 Christi
2332 4196 2382 4244 in
2418 4197 2639 4247 aduentu
2673 4198 2786 4248 eius

347 4261 562 4325 duplici,
590 4269 639 4308 et
664 4267 870 4323 propter
892 4258 1219 4307 deiectionem
1244 4258 1538 4308 Antichristi
1558 4276 1571 4307 ι
1601 4267 1683 4322 pr.
1713 4258 1794 4318 61,
1819 4269 1912 4308 etc.

444 4324 687 4389 ⁶5:63.

444 4391 465 4422 '¹'
502 4393 617 4440 Vox
642 4388 829 4439 Christi
854 4398 904 4438 et
925 4388 1144 4438 eoelesiae
1177 4389 1359 4453 gratias
1392 4388 1584 4452 agentis
1618 4404 1710 4453 pro
1743 4405 1830 4438 sua
1865 4389 2156 4439 liberatione
2189 4392 2252 4440 de
2286 4392 2424 4441 omni
2460 4393 2779 4446 inimicorum
2851 4419 2861 4434 ·

337 4474 545 4507 suorum
573 4454 860 4519 multiplici,
887 4453 1213 4505 liberatione:
1240 4463 1324 4518 pr.
1355 4453 1436 4512 61,
1463 4463 1556 4503 etc.

437 4523 460 4552 ³
492 4539 594 4571 om.
626 4521 705 4583 33.
943 4517 965 4547 ⁹
1003 4520 1265 4569 Canticum
1288 4527 1569 4568 sanctorum
1594 4521 1642 4567 A
1649 4519 1854 4583 mbrosij
1870 4527 1916 4567 et
1939 4521 2256 4582 Augustini:
2289 4523 2400 4570 add.
2430 4523 2509 4585 63.
2543 4523 2623 4573 66.

432 4605 491 4654 B.
528 4603 597 4651 R.
634 4601 707 4650 N.
2470 4603 2511 4650 B
