3293 5225
346 474 470 523 on.
499 474 606 535 29.]
1090 475 1184 524 ss,
1226 473 1525 524 PETRUS
1554 474 1671 523 ET
1694 474 1788 523 ΡΑ
1802 473 1892 524 UL
1905 472 2004 525 υς.
2666 484 2774 535 293.

776 684 844 755 (Ι
873 678 1117 742 Petrus
1144 688 1207 742 et
1234 676 1493 741 Paulus
1520 677 1793 759 apostoli
1831 677 2068 760 duplex
2095 678 2325 742 maius·

1125 791 1251 854 Ad
1272 800 1577 872 vesperas,
1669 789 1994 869 Hymnus.

353 903 671 1031 AVrea
697 903 859 979 luce,
882 913 950 966 et
980 903 1218 966 decore
1243 922 1432 965 roseo
1467 902 1620 965 Lux
1648 901 1812 964 lucis
1836 922 2035 965 omne
2060 901 2407 985 perfudisti
2433 902 2726 965 seculum
2752 924 2777 963 r

526 989 867 1054 Decorans
898 991 1075 1053 celos
1119 990 1348 1053 inclito
1381 990 1699 1070 martyrio
1751 989 1900 1052 Hac
1934 1009 2119 1052 sacra
2157 989 2283 1066 die,
2313 1009 2445 1071 que
2476 990 2594 1051 dat
2640 989 2778 1051 reis-

343 1097 626 1140 veniam.

485 1164 736 1226 Ianitor
787 1163 908 1226 celi
961 1163 1197 1227 doctor
1243 1163 1419 1227 orbis
1469 1163 1713 1245 pariter
1768 1162 2029 1226 Iudices
2081 1164 2255 1241 secli,
2315 1184 2471 1225 vera
2533 1161 2774 1225 mundi:

349 1251 601 1314 lumina
654 1252 775 1314 Per
821 1271 1082 1314 crucem
1132 1251 1335 1314 alter:
1387 1250 1554 1313 alter
1600 1270 1760 1312 ense
1810 1250 2229 1333 triumphans
2276 1252 2411 1313 vite
2460 1258 2763 1313 senatum

346 1338 621 1400 laureati
668 1337 1026 1421 possident.

486 1424 589 1489 Sit
612 1425 886 1488 trinitati
913 1426 1315 1507 sempiterna
1347 1424 1556 1507 gloria
1582 1424 1837 1499 Honor,
1861 1435 2191 1508 potestas:
2221 1435 2423 1506 atque
2450 1423 2766 1487 iubilatio,

357 1512 434 1574 In
485 1514 738 1574 vnitate
787 1514 891 1574 cui
943 1522 1169 1574 manet
1218 1512 1567 1594 imperium
1623 1512 1734 1575 Ex
1788 1523 1946 1575 tunc
1995 1522 2061 1575 et
2116 1511 2320 1575 modo
2371 1532 2489 1594 per
2540 1522 2767 1574 eterna

351 1599 587 1661 secula.
681 1598 920 1663 Amen.

481 1686 878 1766 Antt‘plcona.
968 1685 1073 1748 Tu
1107 1705 1178 1747 es
1212 1696 1437 1766 pastor
1467 1685 1694 1748 ouium
1745 1686 2049 1768 princeps
2087 1685 2601 1769 Apostolorum:
2647 1685 2767 1748 tibi

350 1773 591 1835 tradite
622 1783 776 1836 sunt
806 1773 1026 1835 claues
1058 1773 1240 1854 regni
1273 1773 1580 1835 celorum.

1435 1937 1679 2001 Oratio.

368 2049 664 2179 DEuS,
688 2051 802 2131 qui
825 2049 1215 2113 hodiernam
1242 2048 1456 2111 diem:
1488 2048 1941 2132 apostolorum
1974 2059 2237 2112 tuorum
2267 2050 2458 2126 Petri,
2482 2060 2550 2113 et
2583 2051 2766 2114 Pauli

535 2137 851 2219 martyrio
875 2137 1272 2200 consecrasti
1296 2161 1308 2198 ε
1340 2135 1427 2198 da
1451 2136 1726 2198 ecclesie
1758 2146 1869 2198 tue
1892 2157 2121 2199 eorum
2149 2138 2213 2198 in
2247 2138 2558 2200 omnibus
2582 2139 2767 2219 sequi

353 2234 776 2307 preceptum:
808 2244 925 2307 per
955 2244 1122 2306 quos
1153 2223 1488 2306 religionis
1520 2224 1805 2306 sumpsit
1834 2224 2221 2287 exordium:
2255 2245 2371 2307 per
2400 2224 2765 2288 dominum.

484 2316 552 2387 (Ι
581 2312 680 2373 Et
708 2333 834 2373 non
856 2311 952 2392 fit
979 2310 1493 2373 commemoratio
1521 2311 1600 2372 de
1627 2318 1847 2373 sancto
1868 2310 2114 2373 Ioanne
2144 2332 2341 2393 vsque
2363 2312 2460 2374 aa'
2472 2324 2765 2393 vesperas

351 2399 969 2462 commemorationis
1006 2398 1220 2460 sancti
1243 2397 1467 2460 Pauli.

484 2490 551 2560 ΙΙ
581 2485 642 2546 A
653 2486 706 2548 a'
729 2482 1151 2547 matutinum¹
1184 2482 1701 2547 Inuitatorz'mn.2
1788 2484 1893 2547 De
1919 2486 2247 2547 communi
2270 2486 2737 2566 Apostolorum.

482 2572 879 2653 Antiphona.
970 2572 1074 2635 Tu
1129 2592 1199 2634 es
1252 2571 1483 2635 Petrus
1533 2581 1599 2634 et
1654 2591 1851 2654 super
1903 2570 2074 2636 hanc
2129 2583 2385 2654 petram
2437 2571 2767 2636 edificaui³

354 2659 698 2722 ecclesiam
733 2680 951 2722 meam
985 2670 1051 2722 et
1084 2669 1273 2741 porte
1304 2660 1492 2721 inseri
1526 2680 1658 2722 non
1701 2659 2136 2742 preualebunt
2167 2661 2485 2724 aduersus
2515 2681 2682 2724 eam.

1394 2821 1608 2884 Lectio
1634 2822 1752 2903 ,iifl

370 2935 679 3064 PEtrus
711 2937 1013 3019 princeps
1039 2935 1619 3019 apostolorum·cui
1656 2934 1955 2998 Christus
1980 2956 2368 2999 ascensurus
2392 2935 2477 3000 ad
2511 2946 2764 3019 patrem

505 3043 694 3085 suum
719 3044 988 3105 gregem
1012 3023 1439 3106 pascendum,
1460 3020 1525 3083 id
1551 3032 1669 3098 est,
1690 3042 1877 3085 suam
1898 3023 2242 3085 ecclesiam
2264 3024 2766 3106 gubernandam

355 3119 455 3173 ter
485 3110 1000 3186 commendauit,
1022 3130 1173 3174 cum
1203 3108 1411 3172 multa
1445 3119 1595 3192 post
1627 3108 1870 3173 Christi
1901 3130 2247 3173 ascensum
2273 3131 2423 3173 cum
2450 3110 2768 3193 apostolis

354 3197 762 3273 confecisset,
807 3217 935 3278 que
998 3196 1083 3261 ad
1130 3197 1664 3259 constituendam
1720 3206 1787 3259 et
1832 3198 2336 3280 propagandam
2385 3197 2585 3260 fidem
2626 3219 2768 3298 per-

354 3285 658 3361 tinerent,
716 3285 950 3348 ceteris
1027 3304 1144 3367 per
1216 3284 1443 3346 orbem
1522 3284 1834 3365 dispersis
1910 3286 1994 3346 ad
2074 3284 2550 3366 predicandum
2630 3286 2768 3368 ipse

356 3371 476 3433 sibi
525 3371 784 3434 sedem*
829 3371 1261 3434 Antiochiam
1311 3370 1512 3453 elegit
1559 3368 1694 3434 Sed
1745 3379 1894 3453 post
1938 3372 2397 3471 episcopatum
2444 3371 2767 3434 Antioch

355 3459 556 3521 iensis
585 3458 859 3522 ecclesie
889 3470 956 3522 et
987 3458 1505 3541 predicationem
1541 3457 1967 3540 dispersionis
1998 3479 2244 3534 eorum,
2268 3460 2380 3539 qui
2413 3459 2497 3520 de
2520 3460 2769 3521 circun-

356 3546 605 3609 cisione
675 3547 1109 3622 crediderant,
1170 3546 1233 3608 in
1314 3546 1547 3620 Pont0,
1608 3544 1890 3619 Galatia,
1952 3543 2399 3646 Cappadocia,
2458 3546 2644 3622 Asia,
2703 3555 2769 3608 et

358 3632 690 3714 Bithynia,
707 3632 1000 3695 secundo
1020 3630 1281 3713 Claud1J
1305 3651 1483 3694 anno
1502 3631 1885 3694 admonitus
1906 3652 1946 3693 a
1965 3634 2197 3715 spiritu
2222 3643 2455 3696 sancto
2478 3634 2768 3696 Romam

360 3721 672 3802 migrauit
717 3719 802 3782 ad
848 3720 1380 3783 conuincendum
1432 3718 1775 3783 Simonem
1825 3739 2134 3802 magum:
2183 3730 2249 3783 et
2294 3740 2519 3782 veram
2568 3718 2766 3782 fidem

357 3805 887 3869 enunciandum:
943 3809 1005 3869 in
1061 3826 1271 3887 eaque
1323 3806 1499 3882 vrbe,
1551 3826 1681 3887 que
1733 3816 1933 3888 caput
1985 3807 2162 3869 orbis
2213 3818 2371 3881 erat,
2424 3806 2767 3870 ecclesiam

360 3893 842 3956 moderandum
894 3894 1186 3958 Simonis
1231 3912 1390 3975 ergo
1422 3892 1714 3955 disiectis
1760 3893 2066 3970 tenebriS,
2099 3893 2569 3975 fraudibusque
2614 3914 2771 3955 con-

358 3982 628 4057 uicti3,a
657 3981 887 4043 Petro:
920 3981 1141 4044 lumen
1168 3980 1349 4043 verbi
1383 3979 1488 4042 dei
1523 3980 1810 4042 Romam
1843 3989 1910 4043 et
1947 3980 2208 4043 Italiam
2234 3980 2471 4044 eodem
2505 3991 2773 4043 auctore

359 4068 643 4131 multum
701 4067 1159 4144 illustrauerat,
1213 4087 1363 4129 cum
1424 4067 1666 4129 Paulus
1718 4068 1978 4130 vinctus
2046 4068 2330 4131 Romam
2385 4067 2773 4150 deportatur

357 4155 651 4218 secundo
679 4155 963 4218 Neronis
986 4175 1180 4232 ann0,
1206 4164 1561 4237 postquam
1589 4154 2011 4236 euangelium
2036 4175 2186 4217 cum
2222 4156 2286 4217 in
2323 4154 2562 4236 Syria.⁵
2589 4154 2772 4229 Asia,

359 4252 501 4304 tum
537 4243 844 4324 precipue
876 4243 940 4304 in
976 4241 1212 4305 Grecia
1245 4252 1312 4304 et
1358 4241 1656 4303 finitimis
1703 4241 2082 4323 regionibus
2113 4262 2319 4323 vsque
2351 4241 2436 4304 ad
2477 4241 2771 4322 Illyriam

457 4406 470 4437 ι
508 4408 589 4457 die
614 4421 691 4470 29,
723 4409 780 4457 in
805 4426 870 4458 m,
946 4408 1042 4484 Die
1067 4405 1164 4457 28:
1201 4422 1280 4468 44.
1459 4414 1506 4457 et
1528 4407 1785 4455 hvnmus:
1821 4408 1931 4455 add.
1965 4419 2041 4468 39.
2072 4416 2164 4457 etc.
2238 4408 2347 4468 [See
2364 4408 2527 4467 below,
2555 4423 2602 4471 p.
2633 4407 2773 4470 375.]

453 4472 1191 4603 εζτᾜςὲῆεέὤωωτ
1231 4486 1309 4536 ³⁹
2169 4485 2297 4535 *⁴³
