3293 5225
1079 449 1455 504 REGULAE.
1500 450 1969 503 GENERALES.
2652 442 2746 501 lx&

1309 715 1764 799 QUARTA}

695 882 763 952 (I
811 875 1171 958 Quomodo
1202 873 1471 938 debeat2
1503 874 1639 938 fieri
1673 873 1964 938 offleium
1996 875 2065 936 in
2098 877 2380 940 octauis‘..
2448 877 2460 891 ⁹

458 1020 525 1089 ΙΙ
573 1014 979 1085 Notandum,
1024 1013 1201 1096 quod
1238 1014 1497 1095 quando
1547 1013 1616 1075 in
1678 1012 2044 1075 calendario
2092 1014 2201 1075 vel
2246 1014 2316 1076 in
2363 1005 2777 1077 dominicali-

342 1100 687 1163 ordinatur
712 1101 983 1184 officium
998 1100 1166 1182 fieri
1190 1100 1269 1163 de
1296 1101 1519 1181 aliqua
1549 1109 1792 1176 octaua,
1823 1109 1977 1163 tunc
2003 1100 2480 1177 inuitatorium‚
2498 1102 2750 1183 hymni,
2774 1150 2778 1154 -

347 1189 696 1267 antiphone,
740 1199 801 1251 et
857 1188 1062 1251 oratio
1120 1187 1393 1250 dicenda
1436 1197 1593 1249 sunt
1648 1187 1815 1249 sicut
1868 1188 1937 1249 in
1968 1190 2143 1268 festo
2188 1188 2559 1269 principali,
2609 1189 2778 1252 nisi.

344 1275 599 1357 aliquid
625 1276 1063 1357 predictorum
1123 1276 1322 1337 aliter
1398 1273 1469 1336 in
1535 1273 1764 1356 aliqua
1821 1284 2047 1336 octaua
2113 1275 2500 1357 assignetur,
2552 1276 2752 1339 tertia

345 1374 549 1425 autem
609 1363 787 1425 lectio
828 1373 1077 1443 semper
1133 1362 1518 1443 assignatur
1562 1361 1831 1442 propria
1893 1361 2146 1424 cuilibet
2203 1362 2339 1424 diei
2377 1374 2505 1443 per
2543 1373 2755 1427 totam

341 1460 651 1525 octauam,
725 1459 786 1511 et
854 1458 952 1511 est
1020 1449 1506 1520 aduertendmn,
1580 1448 1758 1530 quod
1822 1448 2204 1530 Antiphona
2275 1450 2615 1531 assignata
2676 1450 2758 1512 in

341 1537 630 1599 secundis
651 1537 924 1617 vesperis
935 1536 1110 1616 sesti
1117 1535 1520 1616 principalis,
1545 1535 1814 1598 dicenda
1836 1545 1929 1597 est
1954 1546 2201 1617 semper
2218 1537 2315 1599 ad
2330 1538 2623 1617 vesperas
2627 1549 2784 1618 per,

345 1633 538 1685 totam
605 1633 898 1686 octauam
963 1623 1100 1684 nisi
1151 1623 1290 1685 alia
1362 1622 1723 1702 specialiter
1775 1624 2161 1704 assignetur.
2250 1625 2310 1685 A
2321 1624 2784 1686 auertendumr

345 1722 619 1791 insuper,
663 1710 840 1791 quod
878 1711 938 1771 A
952 1709 1252 1790 ntzplzone
1296 1710 1392 1771 ad
1438 1709 1854 1783 matutinum,
1885 1710 2124 1783 laudes,
2169 1720 2231 1772 et
2282 1722 2590 1792 vesperas,
2623 1724 2775 1774 non·

342 1797 761 1878 duplicantur
788 1798 972 1876 infra
1002 1795 1322 1859 octauam3
1350 1797 1469 1858 sed
1491 1795 1778 1858 tantum*
1808 1796 1877 1859 in
1910 1797 2049 1878 ipsa
2081 1798 2185 1859 die
2212 1808 2455 1873 octaua,
2476 1808 2547 1861 vt
2570 1798 2779 1879 infra

342 1885 603 1946 dt'celur.
696 1884 1080 1946 Notandum
1142 1885 1337 1945 etiam
1400 1883 1576 1965 quod
1639 1884 1705 1945 si
1774 1883 2169 1946 concurrent⁵
2243 1886 2452 1947 simul
2502 1883 2757 1948 octaua⁶
2777 1893 2790 1937 '-

342 1972 620 2052 corporis
674 1969 926 2034 Christi
966 1991 1111 2032 cum
1142 1980 1366 2032 octaua
1409 1970 1621 2032 sancti
1648 1970 1917 2033 Ioannis
1944 1971 2147 2052 (quod
2168 1980 2383 2033 tamen
2417 1973 2787 2035 rarissimess

338 2056 716 2140 contingefi)
761 2057 1032 2139 officinm
1064 2058 1191 2139 fiet
1237 2058 1315 2120 de
1359 2067 1584 2120 octaua
1628 2058 1905 2138 corporis
1945 2058 2179 2120 christi
2218 2080 2361 2120 cum
2422 2080 2753 2121 commem·
2777 2082 2797 2112 ·-

339 2146 635 2207 oratione
705 2145 917 2208 sancti
985 2143 1257 2207 Ioannis
1321 2155 1442 2224 per
1511 2144 1864 2207 orationem
1941 2154 2211 2208 tantum.
2306 2145 2486 2209 Sunt
2555 2148 2755 2209 etiam
2774 2158 2800 2199 'x

337 2234 621 2313 quedam
664 2233 791 2294 alie
840 2242 1057 2294 octaue
1114 2232 1191 2293 de
1237 2231 1469 2312 quibus
1514 2253 1637 2293 non
1683 2230 1778 2311 fit
1823 2231 2113 2313 officium,
2171 2233 2328 2314 quia
2375 2242 2802 2297 concurrunt»

337 2341 479 2380 cum
536 2319 701 2398 alijs
729 2320 935 2398 festis
984 2317 1358 2399 duplicibus,
1389 2329 1508 2381 aut
1552 2319 1811 2394 octauis,
1840 2320 1960 2382 sed
1980 2319 2149 2399 quid
2170 2330 2323 2382 tunc
2330 2319 2499 2400 fieri
2523 2320 2772 2396 debeat,

331 2407 476 2469 suis
506 2406 667 2470 locis
698 2406 1037 2469 videbitur.

1353 2664 1778 2746 QVINTA.⁸

483 2837 554 2906 (1
616 2827 802 2909 Quot
833 2827 1166 2890 dominice
1198 2829 1329 2890 sint
1362 2829 1426 2889 in
1459 2848 1655 2891 ann0.
1687 2838 1754 2891 et
1784 2829 2125 2910 quomodo
2155 2830 2588 2912 appellentur.

464 2973 536 3042 (Ι
594 2964 998 3041 Notandum,
1042 2964 1217 3045 quod
1267 2986 1483 3027 annus
1543 2963 1613 3027 a⁹
1659 2966 1886 3046 prima
1930 2966 2251 3029 dominica
2296 2969 2618 3031 aduentus
2675 2964 2786 3034 ad'

324 3054 545 3115 aliam
624 3052 936 3114 similiter
980 3052 1269 3132 primam
1333 3053 1654 3114 aduentus
1714 3053 2027 3115 exclusiue
2086 3057 2515 3134 computando,
2577 3057 2772 3120 liabet

320 3139 776 3204 communiter
842 3139 1320 3221 qninquaginta
1410 3140 1577 3201 duas
1651 3140 2007 3202 dominicas
2083 3141 2155 3202 in
2243 3141 2414 3205 ltunc
2500 3144 2767 3208 modum
2812 3207 2816 3212 ,

321 3228 759 3300 distributas,
877 3225 1180 3301 videlicet,
1277 3224 1576 3302 Quatuor
1661 3226 1737 3287 de
1822 3227 2123 3301 aduentu,
2217 3228 2388 3291 inter
2470 3252 2634 3311 quas
2706 3241 2776 3294 et

315 3313 887 3396 septuagesimam
938 3313 1284 3374 necessario
1322 3312 1476 3375 adm
1483 3313 1631 3375 inus
1662 3312 2010 3375 incidunt¹⁰
2038 3323 2183 3390 treS,
2212 3336 2332 3396 que
2358 3318 2771 3397 appellantur
2813 3377 2818 3383 ,

304 3413 465 3482 post
498 3400 891 3463 aduentum.
985 3398 1165 3461 Sunt
1205 3399 1406 3462 etiam
1450 3399 1580 3460 alie
1629 3410 1774 3474 tre5‚
1803 3400 2325 3482 septuagesime,1¹
2373 3406 2774 3486 sexagesime

317 3500 386 3552 et
464 3510 560 3570 qu
569 3487 1030 3567 inquagesime.
1145 3486 1402 3548 Necnon
1477 3497 1760 3567 quatuor
1827 3488 2321 3570 quadragesime
2390 3512 2533 3552 cum
2609 3494 2772 3574 alifis

315 3577 607 3639 duabus
654 3574 732 3635 de
747 3573 1048 3653 passione
1090 3582 1153 3634 et
1188 3573 1585 3653 palmarum.
1684 3573 1936 3636 Deinde
1952 3576 2212 3655 pasclza,
2241 3586 2302 3638 et
2330 3577 2457 3639 alie
2488 3580 2770 3662 quinque

304 3675 467 3744 post
484 3660 768 3743 pascha.
859 3659 901 3721 I
899 3669 1023 3721 tem
1046 3660 1184 3722 alia
1209 3658 1444 3739 infra¹2
1462 3670 1755 3723 octauam
1786 3661 2213 3726 Ascensionis.
2301 3664 2612 3729 Proximo
2643 3667 2769 3731 loco

313 3745 827 3820 Pentecoste5,¹³
872 3747 1045 3808 inter
1086 3767 1281 3827 quam
1344 3756 1405 3808 et
1445 3747 1736 3827 primam
1786 3747 2107 3811 aduentus
2151 3771 2274 3812 non
2306 3762 2580 3831 possunt
2639 3774 2775 3816 esse

296 3838 685 3919 pauciores
755 3854 950 3914 quam
1026 3833 1272 3914 viginti
1327 3842 1456 3895 tres
1529 3833 1910 3929 domz'nz'ce,¹†
1967 3857 2088 3918 que
2157 3838 2565 3918 appellantur
2620 3851 2778 3921 post

417 3999 438 4030 ¹
484 3997 739 4062 Regula:
775 3995 885 4044 add.
914 4007 992 4057 43.
1021 3994 1100 4044 60.
1129 3994 1207 4042 61.
1238 3995 1316 4056 63.
1340 3993 1418 4054 64.
1447 3993 1526 4043 66.
1695 3993 1718 4024 ²
1750 3995 1930 4045 debet:
1967 4009 2044 4059 39.
2073 4011 2153 4058 41.

422 4065 447 4096 ³
484 4073 751 4114 octauas:
787 4073 866 4120 41.
894 4073 973 4122 43.
1003 4075 1082 4121 44.
1111 4073 1190 4121 49.
1220 4059 1298 4108 60.
1327 4060 1404 4122 63.
1437 4060 1514 4109 66.
1697 4059 1718 4089 ⁴
1752 4070 1899 4109 tunc:
1937 4074 2014 4124 39.
2041 4075 2121 4122 41.

418 4130 447 4160 ¹⁸
481 4135 861 4179 occurrerent:
900 4138 978 4187 39.
1700 4123 1722 4154 ⁶
1754 4136 1962 4176 octaue:
1998 4140 2077 4189 41.

478 4199 890 4245 concurrerent:
926 4204 1004 4250 41.
1034 4203 1111 4253 43.
1141 4205 1220 4251 44.
1250 4203 1328 4250 49.
1359 4189 1437 4252 63.
1467 4189 1545 4239 66.
1748 4202 1876 4240 octa.
1907 4204 1984 4254 39.
2012 4207 2091 4253 44.
2120 4206 2199 4255 49.
2228 4193 2306 4255 64.

476 4265 852 4310 concurreret:
886 4255 964 4304 60.
994 4254 1073 4304 61.
1698 4253 1719 4286 ⁷
1750 4256 2024 4320 contingit:
2060 4271 2139 4319 49.

477 4330 804 4377 concurret:
841 4320 921 4381 64.
1462 4326 1472 4336 “
1702 4317 1724 4350 ⁸
1759 4322 1986 4384 Regula:
2023 4325 2132 4372 add.
2163 4336 2242 4385 43.
2271 4324 2350 4373 60.
2381 4324 2457 4374 61.
2481 4326 2662 4389 63.-64.
2684 4324 2772 4378 66.

416 4391 444 4424 ⁹
481 4408 598 4441 om.
633 4388 716 4448 64.
1680 4383 1721 4415 ¹⁰
1753 4386 2029 4451 incipiunt:
2066 4401 2143 4451 39.

418 4457 461 4488 ¹¹
505 4465 567 4506 et
597 4472 613 4502 ε
653 4453 766 4501 add.
796 4463 875 4511 49.
1685 4448 1722 4480 '²
1753 4451 1915 4501 intra:
1950 4466 2029 4516 43.
2059 4453 2137 4517 63.
2166 4453 2245 4503 66.

410 4523 461 4555 ¹³
509 4524 862 4571 Pentecoste:
898 4514 975 4564 60.
1690 4514 1730 4545 ¹⁴
1760 4534 1854 4567 om.
1883 4530 1960 4581 39.
1988 4531 2068 4580 41.

410 4606 481 4654 B.
524 4602 605 4649 R.
648 4597 719 4647 N.
2483 4606 2524 4649 ἰ
