3293 5225
309 466 494 514 Μητ.
542 467 645 527 12.]
917 464 1033 514 XL.
1086 465 1434 514 MJLJTES:
1478 465 1531 514 S.
1577 465 2008 517 GREGORJUS
2037 468 2114 515 M.
2623 467 2731 529 269»

310 638 440 699 que
500 617 672 681 vltro
741 618 864 701 ipsi
929 639 969 680 a
1035 616 1348 700 pontifice
1416 617 1880 695 offerebantur,
1945 619 2105 682 nulli
2155 619 2242 681 rei
2292 631 2713 702 preterquam

311 705 598 781 lectioni,
672 717 738 768 et
814 706 1152 788 scriptioni
1228 705 1527 769 vacabat.
1621 705 1753 787 Qui
1818 706 2018 769 etiam
2084 706 2316 776 viuens
2387 707 2730 770 miraculis

309 793 562 856 claruit.
656 792 789 857 Sed
840 794 1052 855 iussus
1100 813 1139 854 a
1197 791 1517 855 Pontifice
1583 793 1907 875 Gregorio
1974 815 2058 856 .x.
2153 793 2561 876 Lugdunum
2629 794 2713 856 ad

308 879 681 955 concilium,
729 881 909 962 quod
957 880 1044 942 ibi
1093 880 1472 962 cogebatur,
1533 880 1951 956 contendere,
2014 882 2173 943 dum
2241 880 2726 962 profectionem

311 977 575 1048 pararet
621 966 780 1029 febri
829 977 1168 1048 correptus
1200 967 1283 1030 ad
1319 967 1793 1029 monasterium
1832 968 2108 1030 Fossam
2144 988 2388 1030 nouam
2423 968 2717 1050 appella-

313 1064 453 1115 tum
517 1054 870 1136 emigrauit
939 1056 1021 1116 ad
1093 1054 1460 1116 Dominum
1526 1074 1705 1116 anno
1765 1055 1990 1117 christi
2054 1056 2192 1117 nati
2244 1055 2335 1117 M.
2368 1076 2457 1117 cc.
2493 1055 2711 1136 lxxiiij

307 1141 500 1203 nonis
552 1139 837 1220 Martijs¹
885 1161 1000 1203 sue
1048 1161 1202 1203 vero
1246 1141 1442 1204 etatis
1489 1141 1544 1204 .l.
1639 1141 1859 1223 Quem
1924 1141 2353 1223 postmodum
2422 1142 2709 1204 Ioannes

309 1248 483 1309 papa
558 1229 916 1309 vigesimus
1005 1227 1336 1291 secundus
1424 1238 1805 1291 sanctorum
1898 1228 2348 1291 confessorum
2441 1249 2730 1293 numero-

306 1317 715 1397 aggregauit.

670 1458 737 1528 (Ι
790 1452 1252 1533 Quadraginta
1284 1451 1525 1515 milites
1556 1450 1919 1531 martyres.‘·‘·
2009 1452 2219 1515 Lectio
2249 1452 2343 1534 izj.

459 1565 602 1627 Pud
683 1563 1005 1628 Sebasten
1080 1564 1400 1626 Armenie
1466 1564 1741 1626 minoris
1809 1564 2035 1627 vrbem
2103 1573 2405 1647 tempore
2474 1565 2712 1647 Licinij

287 1699 325 1723 .
501 1652 916 1734 imperatoris
962 1653 1220 1733 preside
1268 1651 1629 1733 Agricolao
1692 1651 2134 1733 quadraginta
2199 1652 2439 1714 milites
2496 1652 2716 1716 Chris-

307 1739 468 1801 tiani
517 1739 992 1821 comprehensi,
1027 1749 1175 1820 post
1206 1738 1471 1801 vincula
1501 1751 1568 1801 et
1599 1739 1926 1801 cruciatus
1959 1738 2343 1802 custodibus
2375 1741 2730 1822 impositis,

306 1826 371 1886 in
407 1835 718 1908 stagnum
754 1826 935 1887 missi
982 1835 1139 1888 sunt
1185 1825 1475 1889 instante
1522 1825 1776 1900 bruma,
1806 1836 1878 1888 vt
1910 1846 2084 1906 aqua
2119 1837 2443 1888 nocturno
2476 1827 2717 1927 frigore

309 1924 788 1988 concrescente,
818 1914 1174 1975 constricta
1207 1913 1498 1993 ipsorum
1532 1933 1810 2011 corpora
1843 1912 2375 1994 dirumperentur
2406 1916 2721 1996 apposito

308 2009 529 2061 tamen
567 1999 807 2062 balneo
838 2019 972 2080 quo
1007 2010 1261 2081 pateret
1292 1998 1631 2081 effugium,
1664 1999 1715 2061 si
1749 2000 1897 2079 quis
1943 2019 2171 2062 eorum
2219 2021 2259 2061 a
2304 2002 2727 2064 confessione

311 2086 551 2150 Christi
629 2086 1052 2149 discessisset.
1167 2086 1403 2166 Itaque
1476 2107 1646 2149 vnus
1710 2087 1965 2166 frigoris
2023 2087 2513 2149 vehementiam
2580 2109 2713 2151 non

310 2173 538 2248 serenS,
589 2184 834 2255 negato
883 2172 1150 2237 Christo
1195 2173 1281 2234 ad
1316 2173 1625 2235 balneum
1662 2173 1976 2255 confugit.
2071 2173 2203 2237 Sed
2237 2194 2389 2236 cum
2426 2175 2719 2257 primum

307 2261 534 2342 attigit
565 2260 849 2324 calorem
900 2259 1254 2341 expirauit.
1346 2260 1501 2343 Quo
1556 2271 1903 2342 perspecto
1952 2262 2151 2323 ceteri
2202 2262 2416 2343 gratia
2468 2261 2723 2325 Christi

309 2348 579 2411 recreati
613 2348 674 2409 in
712 2347 815 2409 dei
841 2346 1070 2409 laudes
1095 2355 1469 2429 eruperunt.
1555 2346 1755 2410 ,Circa
1776 2346 2008 2409 horam
2030 2368 2188 2410 vero
2210 2349 2470 2411 tertiam
2499 2351 2711 2412 noctis

309 2434 718 2517 resplenduit
764 2432 959 2497 sicut³
982 2434 1079 2495 sol
1116 2433 1337 2496 lumen
1372 2454 1569 2515 super
1621 2454 1753 2509 eOS,
1803 2444 1868 2495 ct
1919 2434 2165 2516 glacies
2219 2435 2541 2498 dissoluta
2595 2447 2721 2500 est.

309 2520 715 2584 Custodibus
776 2531 997 2583 autem
1062 2523 1348 2582 sommo⁴
1409 2522 1704 2602 grauatis
1766 2520 1946 2582 solus
2021 2522 2321 2584 custodie
2384 2523 2725 2604 prefectus

305 2607 643 2688 vigilabat,
705 2609 816 2689 qui
883 2607 1161 2670 audiens
1223 2619 1505 2682 oranteS,
1557 2608 1964 2689 miratusque
2017 2607 2248 2684 lucem,
2305 2631 2381 2672 ac
2430 2610 2712 2692 glaciem

307 2696 709 2758 resolutam:
798 2695 964 2758 vidit
1040 2715 1236 2776 super
1309 2716 1422 2757 eos
1497 2716 1777 2757 coronas
1868 2695 2346 2759 descendentes
2436 2718 2716 2761 numero

308 2784 581 2864 triginta
629 2803 893 2844 nouem.
985 2782 1175 2844 Tunc
1223 2802 1378 2844 vero
1429 2782 1748 2844 miraculo
1801 2793 2177 2845 commotus
2225 2784 2725 2865 expergefactis

308 2870 505 2949 socijs
539 2869 811 2951 proiecit
857 2869 1255 2931 vestimenta
1289 2870 1350 2929 in
1388 2868 1589 2931 facies
1620 2889 1868 2941 eorum,
1903 2880 1969 2931 et
2001 2870 2264 2933 exiliuit
2297 2870 2362 2932 in
2397 2883 2709 2953 stagnum

308 2955 595 3018 clamore
627 2976 698 3018 se
729 2956 1109 3018 cristianum
1145 2976 1290 3018 esse
1323 2955 1672 3037 professus
1769 2957 1938 3018 Cum
1974 2967 2197 3019 autem
2256 2957 2585 3021 illuxisset
2646 2970 2714 3022 et

311 3044 594 3106 extracti
658 3044 790 3104 sere
849 3062 1081 3104 omnes
1140 3053 1362 3105 essent
1422 3044 1770 3105 exanimes
1833 3044 1985 3125 igne
2036 3044 2363 3106 combusti
2427 3056 2581 3107 sunt
2636 3066 2714 3108 ac

308 3131 557 3192 cineres
619 3131 682 3192 in
749 3129 1022 3192 fluuium
1100 3129 1417 3212 proiecti,⁵
1494 3150 1610 3211 per
1685 3150 1954 3191 omnem
2033 3141 2401 3193 creaturam
2479 3151 2709 3194 eorum

310 3218 616 3280 transiret
692 3227 1047 3292 certamen,
1105 3227 1177 3278 vt
1252 3236 1404 3278 vere
1480 3218 1740 3299 possint
1814 3237 2044 3279 vocem
2122 3217 2303 3280 illam
2380 3238 2721 3299 vsurpare.

312 3304 771 3366 Transiuimus
805 3324 921 3385 per
953 3304 1175 3383 ignem
1211 3314 1276 3366 et
1308 3323 1571 3385 aquam,
1602 3314 1671 3365 et
1703 3303 1999 3366 eduxisti
2033 3324 2155 3367 nos
2188 3305 2252 3367 in
2289 3304 2721 3387 refrigerium.

313 3391 493 3452 Passi
529 3400 682 3453 sunt
715 3402 936 3453 autem
971 3392 1255 3473 septimo
1288 3389 1435 3452 idus
1471 3390 1716 3471 Martij.

1391 3528 1637 3592 Oratio,

321 3642 638 3771 PResta
671 3659 1029 3723 quesumus
1061 3640 1487 3721 omnipotens
1534 3641 1715 3716 deuS,
1746 3651 1818 3702 vt
1866 3640 1978 3722 qui
2026 3640 2347 3721 gloriosos
2394 3653 2727 3724 martyres

472 3728 673 3790 fortes
698 3731 762 3790 in
789 3747 907 3789 sua
931 3727 1346 3790 confessione
1378 3728 1817 3809 cognouimus
1845 3751 1857 3789 ε
1905 3728 2049 3810 pios
2081 3729 2257 3810 apud
2293 3739 2358 3791 te
2391 3730 2454 3791 in
2490 3741 2717 3793 nostra

307 3815 771 3877 intercessione
803 3816 1180 3877 sentiamus
1274 3835 1401 3896 per.

562 3959 628 4029 (Ι
680 3953 1033 4035 Gregorius
1048 3964 1230 4034 papa
1258 3955 1580 4033 consessor
1603 3953 1840 4035 duplex
1867 3954 2126 4017 minuS.⁶
2220 3955 2465 4019 Oratio.

324 4066 617 4195 DEu3‚
648 4066 759 4147 qui
794 4066 1015 4127 anime
1047 4064 1276 4127 famuli
1309 4065 1404 4127 tui
1441 4065 1741 4147 Gregorij
1769 4076 1995 4128 eterne
2016 4066 2446 4130 beatitudinis
2466 4072 2718 4151 premia

502 4153 874 4216 contulisti:
927 4151 1219 4214 concede
1253 4152 1575 4234 propitius
1606 4164 1677 4215 vt
1710 4155 1821 4233 qui
1870 4164 2290 4235 peccatorum
2341 4167 2715 4218 nostrorum

311 4239 604 4322 pondere
666 4241 1067 4322 premimur:
1144 4239 1284 4301 eius
1344 4239 1524 4320 apud
1587 4250 1654 4302 te
1723 4240 2027 4322 precibus
2058 4241 2518 4305 subleuemur:
2597 4244 2730 4306 Per

308 4328 674 4390 dominum.

404 4461 422 4493 ¹
460 4462 662 4512 Martii:
700 4475 777 4526 39.
808 4472 900 4511 etc.
1317 4459 1340 4491 ²
1372 4461 1454 4511 die
1477 4475 1522 4523 9.
1554 4463 1611 4510 in
1635 4480 1699 4512 m.
2142 4462 2359 4514 ³:velut
2397 4465 2473 4528 38.
2504 4473 2597 4515 etc.

405 4526 427 4558 ⁴
461 4529 683 4579 Somno:
721 4541 799 4591 39.
830 4544 982 4591 many
1004 4529 1107 4577 edd.
1326 4526 1346 4556 ⁶
1379 4536 1468 4577 vt:
1505 4530 1615 4578 add.
1646 4542 1725 4592 39.
1754 4536 1849 4578 etc.
2150 4525 2173 4558 ⁶
2203 4530 2285 4579 die
2315 4543 2386 4579 12.
2420 4532 2475 4578 in
2500 4548 2565 4579 m.
