3293 5225
818 494 1112 542 DOMINI
1111 494 1199 542 CA
1248 494 1402 543 XIX.
1456 495 1648 542 POST
1695 494 1857 543 I‘EN
1859 495 1908 542 T
1901 495 1954 543 E
1959 495 2002 543 C
2006 496 2090 543 OS
2095 495 2146 543 T
2138 494 2260 544 EN.
2660 501 2755 555 225

891 704 957 773 (I
992 697 1273 760 sabbato
1301 719 1382 760 ex
1406 698 1492 778 ,ej
1523 696 1821 779 Regma}
1912 698 2120 760 Lectio
2149 698 2207 760 ,ιζ

360 808 723 936 PLanxit
769 820 991 872 autem
1045 810 1266 873 Dauid
1316 810 1657 892 planctum
1705 810 2159 874 huiuscemodi
2209 831 2407 892 super
2454 809 2614 874 Saul

494 896 876 960 ceciderunt
908 896 1159 960 robusti
1194 909 1260 960 et
1293 898 1626 980 perierunt
1659 918 1843 961 arma
1876 897 2158 961 bellica?

914 1056 981 1125 {I
1016 1050 1382 1113 Secundum
1415 1049 1769 1114 Marcam.2
1857 1050 2072 1113 Lectio
2102 1052 2187 1132 ,ej

360 1160 547 1289 ET
578 1173 897 1225 venerunt
943 1173 1126 1226 trans
1172 1163 1411 1226 fretum
1447 1163 1649 1226 maris
1679 1163 1746 1225 in
1781 1165 2116 1245 regionem
2152 1164 2639 1228 Gerasenorum

516 1248 710 1312 turba
743 1249 967 1325 multa,
1001 1260 1069 1313 et
1100 1251 1632 1333 comprimebant
1662 1270 1832 1314 eum.

519 1392 587 1461 {I
616 1386 965 1449 Dominica
995 1387 1141 1450 ‚xix
1162 1397 1309 1468 post
1320 1398 1714 1537 pegam-ster?
1744 1409 1823 1450 ex
1851 1387 2036 1450 tertio
2066 1387 2254 1450 libmss
2285 1387 2589 1469 Regum*

1447 1484 1601 1537 ectto
1654 1496 1711 1538 .z.

491 1586 550 1647 T
627 1585 803 1649 dixit
874 1586 1057 1649 Elias
1118 1586 1471 1649 Thesbites
1531 1585 1614 1649 de
1676 1587 2162 1652 habitatoribus
2222 1586 2481 1651 Galaad
2691 1595 2763 1648 vt

518 1673 951 1736 comedamus
979 1683 1047 1736 et
1081 1674 1453 1737 moriamur.

872 1833 938 1902 (I
969 1826 1364 1890 ⁵Secundum
1396 1827 1490 1889 M
1483 1826 1752 1892 arcum.⁶
1838 1827 2051 1891 Lectio
2082 1829 2166 1909 .ij.

367 1938 554 2068 ET
618 1939 852 2002 mulier
910 1959 1039 2021 que
1098 1949 1242 2002 erat
1304 1940 1368 2002 in
1432 1938 1761 2022 profluuio
1821 1942 2162 2023 sanguinis
2345 1934 2766 2002 circumibat⁷

493 2025 763 2089 castella
796 2027 859 2088 in
894 2026 1268 2089 circumitu⁸
1298 2026 1561 2089 docens,

870 2188 937 2257 (I
992 2182 1212 2244 Tertia
1241 2182 1416 2245 lectio
1445 2182 1791 2245 secundum
1824 2182 1917 2244 M
1909 2182 2242 2246 altheum.⁹

439 2297 499 2360 N
554 2297 669 2359 illo
715 2304 1017 2377 tempore
1071 2318 1085 2358 ε
1139 2293 1570 2376 Loquebatur
1618 2295 1806 2357 Iesus
1858 2295 2267 2377 principibus
2327 2296 2770 2368 sacerdotum,

466 2383 850 2466 parabolam
886 2382 1072 2446 hanc.
1144 2380 1398 2444 Simile
1428 2381 1678 2446 factum
1712 2392 1813 2444 est
1846 2402 2122 2465 regnum
2171 2381 2483 2459 celorum,
2513 2382 2767 2444 homini

357 2472 491 2552 regi
527 2471 639 2553 qui
673 2469 828 2532 fecit
860 2470 1126 2551 nuptias
1159 2466 1345 2530 filio¹⁰
1376 2489 1511 2531 suo,
1606 2469 1697 2531 Et
1730 2469 1995 2551 reliqua.

947 2631 1013 2700 (I
1051 2622 1395 2704 Homelt'a†
1423 2623 1639 2685 sancti
1671 2623 1732 2686 G
1735 2624 1981 2705 regonj’
1986 2634 2170 2705 pape.

362 2739 754 2868 TExtum
789 2737 1089 2800 lectionis
1118 2737 1501 2819 euangelicc
1534 2736 1768 2799 fratres
1798 2736 2161 2799 charissimi
2183 2736 2337 2800 volo
2361 2738 2445 2819 (si
2466 2739 2770 2820 possum)

524 2826 648 2887 sub
692 2823 1018 2887 breuitate
1055 2835 1514 2900 transcurrere,
1543 2834 1615 2886 vt
1650 2824 1712 2885 in
1749 2821 1878 2886 fine
1909 2825 2049 2886 eius
2080 2824 2339 2887 valeam
2373 2825 2458 2887 ad
2494 2826 2770 2907 loquen-

358 2915 517 2976 dum
572 2912 817 2994 largius
868 2932 1117 2974 vacare.
1234 2911 1369 2975 Sed
1422 2911 1836 2992 querendum
1891 2910 2069 2992 prius
2121 2923 2223 2975 est
2275 2932 2358 2974 an
2412 2912 2534 2975 hec
2588 2913 2768 2995 apud

364 2999 741 3063 Mattheum
775 2999 920 3080 ipsa
951 2999 1035 3061 sit
1069 2998 1281 3071 lecti0‚
1315 3018 1446 3079 que
1477 2997 1655 3079 apud
1692 2998 1946 3060 Lucam
1970 2998 2092 3060 sub
2122 2998 2574 3081 appellatione
2607 3020 2770 3063 cene

358 3086 764 3149 describitur.
879 3086 969 3148 Et
1020 3086 1289 3167 quidem
1342 3094 1495 3147 sunt
1550 3084 1871 3147 nonnulla
1932 3105 2061 3167 que
2110 3085 2231 3147 sibi
2292 3086 2565 3149 dissona
2625 3107 2772 3149 esse

357 3175 665 3237 videntur
710 3172 865 3255 quia
912 3173 1017 3235 hic
1065 3173 1436 3254 prandium,
1468 3171 1596 3233 illic
1644 3191 1807 3234 cena
1856 3182 2273 3236 memoratur.
2370 3173 2503 3236 Hic
2535 3175 2649 3255 qui
2682 3175 2768 3236 ad

359 3262 628 3343 nuptias
687 3280 820 3322 non
881 3260 1102 3342 dignis
1161 3259 1452 3322 vestibus
1515 3259 1784 3322 intrauit
1834 3260 2132 3340 repulsus
2192 3270 2313 3335 est,
2358 3260 2487 3323 illic
2551 3261 2772 3324 nullus

360 3350 637 3411 intrasse
668 3347 909 3410 dicitur
939 3347 1052 3429 qui
1099 3346 1398 3428 repulsus
1445 3366 1587 3407 esse
1635 3346 2073 3427 perhibeatur.
2167 3345 2321 3429 Qua
2366 3368 2455 3410 ex
2492 3369 2559 3410 re
2593 3358 2769 3412 recte

358 3435 690 3517 colligitur
720 3433 899 3515 quod
933 3446 1000 3497 et
1029 3431 1181 3496 hic¹¹
1232 3454 1348 3515 per
1395 3435 1663 3513 nuptias
1708 3453 1978 3515 presens
2024 3434 2299 3496 ecclesia
2345 3445 2415 3498 et
2462 3435 2590 3497 illic
2653 3455 2771 3516 per

357 3542 590 3585 cenam
639 3531 942 3584 eternum
990 3532 1058 3585 et
1087 3521 1392 3582 vltimum
1442 3521 1822 3582 conuiuium
1871 3521 2275 3601 designatur,
2308 3522 2462 3603 quia
2496 3533 2564 3585 et
2594 3522 2768 3585 hanc

359 3608 657 3671 nonnulli
717 3608 961 3671 exituri
1016 3609 1265 3670 intrant
1314 3618 1382 3670 et
1433 3609 1516 3670 ad
1575 3607 1733 3668 illud
1796 3608 2095 3688 quisquis
2155 3608 2359 3670 semel
2424 3611 2770 3672 intrauerit

359 3696 629 3759 vlterius
674 3715 806 3758 non
854 3696 1084 3758 exibit.
1207 3695 1297 3757 Et
1342 3695 1393 3756 si
1444 3695 1591 3776 quis
1637 3694 1806 3757 forte
1851 3696 2215 3757 contendat
2262 3694 2434 3758 hanc
2481 3695 2766 3759 eandem

358 3804 502 3846 esse
551 3783 923 3858 lectionem,
974 3802 1100 3865 ego
1162 3782 1397 3845 melius
1442 3789 1608 3864 puto
1654 3781 1870 3862 (salua
1914 3780 2076 3861 fide)
2121 3781 2340 3844 alieno
2401 3782 2766 3846 intellectui

358 3872 610 3946 cedere,
660 3890 859 3951 quam
915 3868 1455 3932 contentionibus
1504 3869 1850 3932 deseruire.
1971 3868 2305 3951 Quoniam
2356 3880 2422 3932 et
2486 3870 2768 3951 intelligi

356 3977 649 4040 congrue
702 3957 974 4019 forsitan
1026 3965 1265 4037 potest,
1312 3956 1469 4037 quia
1517 3955 1601 4017 de
1658 3956 1951 4037 proiecto
1996 3975 2078 4018 eo
2124 3955 2237 4037 qui
2283 3976 2434 4019 cum
2484 3959 2767 4039 nuptiali

358 4056 538 4107 veste
587 4063 717 4106 non
753 4054 1024 4106 venerat
1073 4067 1087 4106 :
1133 4044 1312 4125 quod
1365 4043 1582 4105 Lucas
1626 4043 1835 4105 tacuit
1886 4042 2230 4105 Mattheus
2278 4044 2472 4108 dixit.
2564 4045 2765 4127 Quod

358 4152 513 4194 vero
561 4151 678 4212 per
721 4129 923 4192 alium
972 4150 1154 4205 cena,
1186 4150 1303 4212 per
1340 4130 1512 4191 hune
1545 4139 1772 4192 autem
1805 4129 2157 4211 prandium
2191 4130 2433 4194 dicitur
2471 4155 2483 4193 :
2519 4152 2767 4215 nequa·

458 4292 470 4322 ¹
509 4294 560 4353 [i.
597 4293 795 4353 17-27.]
1590 4289 1612 4320 ²
1646 4290 1737 4339 Ca.
1771 4302 1797 4354 5
1823 4293 1879 4338 in
1904 4307 1969 4339 m.
1999 4291 2065 4351 [v.
2102 4293 2269 4352 ι-24.]

453 4357 474 4387 ²⁸
506 4375 598 4407 om.
628 4358 706 4407 61.
737 4358 814 4421 63.
845 4356 923 4406 66.
1593 4355 1613 4384 ⁴
1645 4356 1736 4405 Ca.
1771 4366 1826 4416 17
1853 4357 1909 4403 in
1934 4373 1999 4405 m.
2029 4357 2164 4416 [xvii.
2202 4358 2369 4418 1—12.]

455 4422 475 4450 ³
508 4424 749 4471 Sanctum
772 4424 1088 4485 euangelium
1108 4439 1125 4468 .·
1153 4431 1237 4485 pr.
1267 4421 1345 4483 38.
1592 4418 1613 4449 ⁶
1646 4421 1714 4481 [v.
1747 4435 1776 4469 2
1783 4421 1941 4483 5—vi.
1973 4421 2046 4481 6.]

454 4487 474 4519 ⁷
508 4488 779 4538 circuibat:
817 4500 894 4550 39.
924 4501 1003 4548 41.
1595 4485 1616 4515 ὃ
1646 4487 1885 4535 circuitu:
1923 4499 2000 4548 39.
2030 4500 2108 4546 41.
2138 4500 2216 4549 43.
2247 4502 2325 4547 44.
2356 4488 2434 4536 61.
2465 4488 2544 4551 63.
2574 4490 2653 4551 64.

456 4551 478 4581 ⁹
510 4555 600 4603 Ca.
631 4566 692 4602 22
716 4555 773 4601 in
799 4570 862 4602 m.
1576 4550 1615 4580 ¹⁰
1651 4551 1812 4600 filios:
1848 4565 1926 4615 43.
2311 4551 2346 4581 ¹¹
2384 4564 2468 4601 et:
2505 4558 2616 4605 add.
2646 4556 2729 4607 66.

452 4634 509 4683 B.
546 4635 607 4683 R.
643 4634 714 4683 N.
2461 4634 2508 4696 Q
