3293 5225
831 415 1176 467 SABBATO
1209 417 1648 466 DOMINJCAE
1696 419 1780 467 Vl.
1822 417 2017 467 POST
2043 417 2350 467 PASCHA.
2711 418 2797 467 161

978 618 1043 688 ([
1090 612 1289 675 Feria
1319 612 1421 677 .th
1452 633 1531 674 ex
1563 611 1833 676 Genesi}
1923 612 2136 675 Lectio
2166 613 2224 676 .i.

404 722 734 850 INterim
788 723 998 786 fames
1050 743 1319 787 omnem
1388 723 1661 787 terram2
1709 724 2136 787 vehementer
2184 724 2529 806 premebat
2676 744 2806 809 ego

499 819 723 873 autem
757 811 946 893 quasi
978 811 1250 873 orbatus
1281 812 1532 894 absque
1567 811 1788 874 liberis
1820 832 1948 878 er0.

619 952 686 1022 (Ι
731 947 843 1009 Ex
869 948 1129 1030 epistola
1144 948 1372 1030 prima
1401 947 1614 1010 Pauli
1637 948 1735 1010 ad
1763 947 1821 1014 C
1814 945 2172 1012 orz‘nthios.³
2260 948 2471 1011 Lectio
2502 949 2584 1029 ,ill

408 1059 832 1188 EVigilate
862 1061 1062 1137 iusti,⁴
1089 1070 1156 1123 et
1189 1060 1391 1125 nolite
1425 1081 1698 1144 peccare
1846 1080 1977 1122 non
2012 1071 2113 1123 est
2147 1061 2358 1123 inanis
2391 1062 2456 1123 in
2487 1060 2780 1124 domino.

783 1265 845 1334 {1
908 1259 1128 1322 Tertia
1158 1259 1334 1322 lectio
1363 1279 1442 1321 ex
1465 1279 1754 1321 sermone
1780 1258 1995 1321 sancti
2020 1259 2080 1320 A
2091 1258 2426 1340 ugustint'.⁵

410 1371 761 1499 IDeoque
839 1372 1150 1434 omnibus
1211 1372 1427 1433 modis
1489 1371 1888 1434 detestanda
1949 1381 2104 1434 sunt
2152 1391 2408 1433 venena
2468 1371 2808 1434 orientalis

507 1460 758 1536 erroris,
803 1460 916 1540 qui
966 1459 1170 1541 impia
1234 1458 1532 1520 nouitate
1594 1460 1914 1539 presumit
1959 1478 2249 1520 asserere
2297 1457 2500 1520 filium
2554 1457 2684 1522 Dei
2729 1479 2807 1521 ac

398 1543 606 1607 filium
662 1546 950 1609 hominis
1005 1547 1196 1608 vnius
1244 1565 1388 1607 esse
1436 1554 1688 1608 nature.
1782 1546 1859 1607 In
1907 1545 2222 1608 alterutra
2254 1546 2428 1607 enim
2464 1556 2672 1628 parte,
2702 1545 2805 1608 vel

394 1633 507 1713 qui
563 1632 776 1695 solum
828 1633 1166 1696 hominem
1222 1631 1421 1695 fuisse
1453 1633 1740 1695 dixerit:
1788 1632 2058 1714 negabit
2091 1633 2450 1694 conditoris
2481 1631 2760 1714 gloriam
2793 1656 2807 1695 :

395 1718 499 1781 vel
534 1720 646 1801 qui
679 1720 896 1783 solum
948 1721 1187 1794 Deum,
1220 1718 1493 1802 negabit
1541 1718 2057 1782 misericordiam
2107 1721 2557 1801 redemptoris,
2651 1719 2806 1801 Quo

398 1825 654 1889 genere,
750 1827 881 1869 non
975 1807 1162 1869 facile
1255 1807 1577 1868 Arrianus
1684 1805 2139 1889 euangelicam
2232 1807 2475 1889 poterit
2566 1805 2807 1869 habere

396 1894 781 1956 veritatem:
872 1894 979 1956 vbi
1073 1893 1276 1956 filium
1373 1893 1499 1955 Dei
1593 1913 1768 1955 nunc
1859 1892 2163 1974 equalem
2255 1892 2554 1973 legimuS,
2630 1913 2805 1956 nunc

401 1980 743 2053 minorem.
839 1980 972 2063 Qui
1020 1982 1197 2043 enim
1232 2000 1398 2043 vnus
1434 1991 1667 2042 nature
1699 1980 2098 2043 saluatorem
2134 1990 2434 2043 nostrum
2470 1979 2808 2043 mortifera

400 2068 826 2148 persuasione
902 2067 1267 2141 crediderit,
1344 2067 1559 2129 solum
1638 2067 2020 2130 hominem:
2097 2077 2212 2130 aut
2287 2067 2501 2131 solum
2583 2067 2802 2130 Deum

401 2164 677 2238 cogetur
709 2155 926 2217 dicere
957 2154 1369 2218 crucifixum.
1464 2153 1598 2218 Sed
1634 2175 1766 2216 non
1803 2155 1894 2216 ita
1926 2165 2045 2217 est.
2143 2155 2433 2219 Mortem
2467 2156 2645 2217 enim
2681 2175 2803 2217 nec

400 2240 578 2304 solus
607 2241 791 2304 Deus
816 2243 1077 2317 sentire,
1099 2263 1218 2305 nec
1251 2242 1431 2304 solus
1470 2241 1673 2304 homo
1705 2261 2017 2322 superare
2051 2241 2392 2323 potuisset.
2472 2241 2615 2303 Nos
2646 2262 2808 2325 ergo

398 2329 779 2392 nouerimus
826 2330 891 2390 in
943 2329 1209 2393 Christo
1256 2328 1591 2410 duplicem
1639 2329 2110 2409 geminamque
2145 2329 2606 2392 substantiam.
2700 2329 2806 2391 De

401 2426 588 2497 patre
641 2415 953 2479 celestem
1008 2417 1092 2478 de
1148 2426 1357 2478 matre
1411 2425 1758 2479 terrenam.
1851 2415 2072 2497 Quam
2135 2425 2484 2497 Vtramque
2548 2416 2612 2477 in
2673 2437 2807 2478 vno

400 2504 773 2584 eodemque
827 2503 1248 2585 redemptore
1279 2503 1412 2565 suis
1446 2511 1832 2585 promptum
1868 2511 1969 2565 est
2001 2502 2403 2583 testimonijs
2451 2502 2804 2584 explicare.

402 2588 652 2673 Quare⁶
700 2590 903 2654 homo
958 2591 1240 2666 dicebat,
1273 2589 1451 2672 Quia
1504 2599 1696 2673 pater
1728 2590 1938 2652 maior
1970 2610 2075 2652 me
2106 2600 2224 2665 est,
2256 2591 2371 2653 sed
2406 2590 2580 2652 idem
2614 2592 2804 2671 quasi

403 2678 587 2740 Deus
645 2678 1136 2758 pronuntiabat,
1204 2678 1354 2761 Ego
1409 2688 1477 2740 et
1528 2689 1717 2759 pater
1760 2697 1965 2740 vnum
2016 2698 2260 2740 sumuS.
2354 2677 2564 2760 Quasi
2598 2677 2804 2739 homo

403 2765 685 2840 dicebat,
718 2765 954 2828 Tristis
984 2774 1085 2827 est
1116 2766 1340 2827 anima
1373 2785 1521 2827 mea
1553 2784 1763 2846 vsque
1797 2765 1880 2826 ad
1916 2774 2223 2839 mortem,
2257 2764 2372 2826 sed
2405 2765 2594 2846 quasi
2643 2765 2807 2827 deus

405 2851 799 2914 fiducialiter
860 2852 1269 2934 loquebatur.
1408 2852 1818 2914 Potestatem
1881 2850 2097 2913 habeo
2159 2854 2450 2933 ponendi
2512 2851 2805 2913 animam

404 2959 640 3013 meam,
670 2949 738 3001 et
770 2948 1171 3021 potestatem
1206 2939 1420 3001 habeo
1453 2940 1689 3001 iterum
1737 2939 2043 3000 sumendi
2090 2958 2255 3002 eam.
2349 2937 2557 3019 Quasi
2604 2938 2807 3000 homo

404 3027 467 3087 in
504 3046 695 3088 cruce
729 3026 1084 3109 pendebat,
1116 3027 1231 3088 sed
1266 3027 1453 3107 quasi
1491 3027 1654 3088 deus
1688 3045 1965 3106 regnum
1998 3027 2242 3087 celeste
2275 3025 2588 3088 donabat.

1008 3186 1073 3256 (1
1126 3180 1423 3243 Sabbato.
1454 3201 1532 3241 ex
1564 3177 1838 3244 Genesi.⁷
1926 3180 2139 3243 Lectio
2163 3180 2220 3245 .i.

407 3292 824 3421 TVlerunt
885 3313 1044 3375 ergo
1104 3293 1221 3354 viri
1288 3311 1578 3365 munera,
1639 3302 1707 3355 et
1769 3293 2117 3375 pecuniam
2195 3292 2524 3375 duplicem
2718 3293 2808 3356 Et

570 3379 895 3441 incuruati
928 3379 1373 3442 adorauerunt
1404 3399 1574 3442 eum.

604 3521 671 3591 π
717 3516 829 3578 Ex
855 3516 1149 3598 Epistola
1166 3515 1392 3597 prima
1422 3515 1635 3578 Pauli
1659 3515 1756 3577 ad
1783 3514 2050 3579 Corinth
2058 3514 2191 3578 ios.ss
2280 3516 2492 3578 Lectio
2522 3516 2605 3594 ‚ist

559 3628 616 3690 E
668 3628 961 3691 collectis
1011 3637 1235 3690 autem
1284 3647 1413 3708 que
1461 3625 1625 3689 fiunt
1660 3627 1724 3688 in
1759 3637 2028 3690 sanctos
2176 3629 2486 3691 omnibus
2518 3628 2707 3691 vobis
2741 3629 2805 3691 in

586 3714 851 3778 Christo
890 3716 1055 3778 Iesu.
1150 3715 1389 3777 Amen.

921 3857 986 3927 (1
1033 3850 1244 3914 Lectio
1275 3850 1468 3913 tertia
1502 3852 1846 3914 secundum
1874 3875 1896 3915 .·
1941 3851 2292 3916 Ioannem.⁹

493 3964 550 4026 N
610 3963 722 4026 illo
774 3973 1115 4047 tempore:
1185 3964 1377 4025 Dixit
1434 3962 1617 4025 Iesus
1671 3963 2009 4046 discipulis
2062 3966 2195 4027 suis
2247 3964 2318 4028 Si
2371 3965 2643 4044 diligitis
2704 3985 2813 4028 me

522 4053 844 4113 mandata
907 4071 1054 4114 mea
1115 4059 1418 4113 seruate:
1494 4060 1562 4111 et
1622 4070 1749 4131 ego
1812 4053 2062 4134 rogabo
2132 4060 2387 4133 patrem
2464 4065 2532 4115 et
2606 4051 2809 4116 alium

410 4138 814 4221 paracletum
848 4139 1033 4201 dabit
1064 4138 1271 4201 vobis,
1364 4138 1454 4199 Et
1488 4137 1752 4218 reliqua.

505 4281 520 4311 ¹
559 4282 682 4347 Cap.
711 4295 790 4344 43.
821 4282 878 4329 in
903 4299 949 4330 m
975 4281 1115 4342 [xliii.
1153 4280 1320 4341 1-14.]
1577 4277 1600 4309 ²
1634 4289 1811 4329 tetram
1836 4298 1847 4329 ι
1886 4279 1963 4344 38.

507 4345 529 4376 ³
562 4348 662 4407 [xv.
693 4346 896 4410 34-58.]
1584 4343 1604 4374 ⁴
1639 4344 1799 4396 iuste:
1839 4358 1915 4409 39.
1945 4359 2024 4407 41.
2053 4359 2133 4411 43.
2165 4362 2245 4408 44.
2274 4358 2353 4408 49.
2383 4346 2460 4396 61.
2491 4346 2569 4410 63.
2600 4347 2678 4409 64.
2707 4348 2788 4399 66.

507 4410 528 4441 ³
560 4413 767 4475 episcopi
782 4428 799 4459 .·
832 4413 942 4461 add.
984 4425 1066 4475 43.
1095 4424 1175 4474 49.
1204 4410 1284 4460 60.
1315 4410 1393 4459 61.
1424 4409 1502 4472 63.
1533 4409 1612 4470 64.
1643 4410 1722 4459 66.
2330 4409 2352 4441 ⁶
2385 4413 2569 4475 Quasi:
2608 4426 2686 4476 39.
2716 4424 2811 4464 etc.

508 4475 527 4507 ⁷
562 4477 703 4536 [xliii.
740 4477 940 4540 15-28.]
1263 4473 1285 4506 ⁸
1319 4476 1408 4526 Ca.
1444 4476 1516 4525 16.
1549 4477 1605 4524 in
1631 4492 1697 4524 m.
1729 4476 1848 4535 [xvi.
1886 4478 2055 4538 1-24.]
2337 4474 2358 4507 ⁹
2392 4479 2482 4527 Ca.
2519 4491 2591 4537 14.
2622 4480 2764 4529 inm.
