3293 5225
650 384 748 438 350
1152 373 1444 423 DEDICA
1458 373 1581 422 Tlo
1613 368 2022 422 BASILICAE
2053 373 2191 423 SAL
2206 373 2294 423 VA
2308 372 2536 423 TORIS.
2845 374 3025 435 [Νῦν.
3058 386 3099 435 9.

1679 600 1893 663 Lectio
1923 601 2036 683 ,ι’ᾔ.

799 716 1183 798 Vamquam
1237 724 1534 777 veterum
1590 715 1984 797 scriptorum
2041 715 2509 792 monumentiS,
2538 723 2610 777 et
2645 715 2865 778 Pauli
2900 716 3100 780 etiam

826 803 1124 886 epistolis
1169 812 1447 876 constet,
1494 802 1654 884 ipsis
1699 821 1966 883 quoque
2012 801 2393 884 apostolicis
2452 802 2910 884 temporibus
2968 804 3102 866 loca

652 891 917 974 publica
970 890 1187 965 fuisse,
1234 908 1364 971 que
1424 897 1567 951 tum
1630 891 1934 964 oratoria,
1987 900 2130 952 tum
2183 889 2456 952 ecclesie
2515 888 2956 960 dicerentur.
3006 892 3105 954 vbi

652 978 937 1061 populus
1025 976 1421 1039 christianus
1509 995 1639 1056 que
1728 975 1815 1038 ad
1907 976 2291 1058 religionem
2382 985 2449 1038 et
2525 974 2738 1038 fidem
2853 976 3104 1042 Christi

651 1067 1072 1147 pertinerent,
1131 1064 1515 1126 doceretur:
1589 1073 1657 1125 et
1732 1082 1970 1145 corpus
2044 1062 2296 1125 domini
2373 1073 2776 1138 sumeretur,
2868 1074 3099 1129 tamen

651 1150 997 1232 Syluester
1086 1170 1261 1233 papa
1351 1150 1548 1212 ritum
1641 1150 1927 1213 instituit
2015 1149 2532 1212 consecrationis
2609 1150 2965 1215 altarium
3042 1166 3102 1216 et

648 1239 1092 1314 ecclesiarum,
1122 1258 1320 1319 quem
1369 1257 1545 1299 nunc
1597 1238 1802 1299 etiam
1859 1245 2041 1299 tenet
2072 1237 2348 1299 ecclesia
2384 1237 2722 1313 Romana,
2754 1239 3015 1302 dicato
3043 1255 3102 1304 et

648 1335 1034 1388 consecrato
1081 1324 1334 1407 templo
1384 1323 1819 1386 Lateranensi
1851 1333 2253 1406 nuncupato.
2343 1323 2544 1406 Quod
2578 1323 3102 1391 Constantinus

649 1414 1009 1495 imperator
1061 1410 1412 1493 magnifice
1462 1411 1867 1473 instruxerat
1921 1411 2277 1492 multisque
2337 1411 2531 1473 donis
2583 1426 2989 1478 ornauerat
3045 1427 3105 1479 et

650 1499 1083 1582 prouentibus
1171 1499 1536 1560 dotauerat.
1673 1497 1823 1580 Que
1913 1498 2247 1561 dedicatio
2335 1497 2510 1560 sacta
2585 1509 2694 1561 est
2779 1522 2875 1564 .v.
2963 1503 3105 1566 idus

654 1585 1070 1649 Nouembris.
1195 1584 1325 1647 Hic
1386 1603 1654 1665 quoque
1703 1585 2006 1666 pontifex
2062 1583 2243 1665 .xiiij.
2295 1584 2609 1648 calendas
2674 1585 3107 1653 Decembris

653 1674 828 1737 Petri
881 1672 1335 1755 apostolorum
1394 1672 1707 1754 principis
1762 1670 2114 1734 Basilicam
2164 1671 2500 1735 dedicauit
2530 1682 2601 1734 et
2629 1681 3107 1742 consecrauit.

651 1759 873 1842 Quam
938 1759 1113 1822 idem
1180 1760 1540 1841 imperator
1600 1759 1666 1820 in
1731 1758 2063 1821 Vaticano
2124 1779 2257 1820 non
2324 1758 2521 1840 longe
2581 1759 2672 1821 ab
2734 1761 3106 1845 Apollinis

650 1847 904 1929 templo
952 1845 1306 1922 edificauit,
1358 1846 1639 1921 ornauit,
1691 1854 1759 1908 et
1809 1845 2089 1920 dotauit,
2122 1844 2491 1927 magnificis
2542 1850 3000 1928 muneribuS,
3045 1864 3106 1916 et

650 1935 1081 2016 prouentibus
1138 1934 1414 2015 magnis,
1504 1931 1728 1995 Tanta
1776 1933 1954 1995 enim
1989 1933 2111 1995 fuit
2143 1934 2357 2015 pietas
2387 1933 2452 1995 in
2489 1932 2860 1999 Christum
2901 1949 3108 2021 atque

651 2020 814 2085 fides
862 2021 1056 2083 huius
1107 2021 1536 2102 imperatoris
1567 2029 1639 2081 vt
1695 2039 1827 2082 non
1879 2020 2092 2083 solum
2148 2019 2286 2094 ᾔεις,
2317 2019 2401 2082 de
2450 2020 2699 2101 quibus
2759 2023 3109 2102 diximus,

652 2108 990 2176 Basilicas,
1019 2108 1135 2169 sed
1170 2107 1415 2170 multas
1449 2118 1745 2188 preterea
1781 2105 2131 2187 magnifice
2162 2105 2586 2183 edificauerit,
2617 2112 3108 2196 censibusque

651 2195 998 2258 dotauerit.
1091 2195 1182 2257 Et
1227 2194 1292 2256 in
1342 2193 1443 2255 his
1492 2193 1679 2255 Pauli
1730 2193 2084 2255 Basilicam
2133 2193 2198 2254 in
2231 2195 2340 2255 via
2372 2193 2671 2258 Ostiensi
2714 2196 3106 2264 Basilicam

648 2293 875 2345 sancte
924 2283 1131 2344 crucis
1187 2282 1250 2342 in
1312 2280 1671 2343 Ierusalem
1722 2282 1788 2342 in
1843 2281 2013 2342 atrio
2058 2282 2431 2343 sessoriano
2465 2281 2847 2347 Basilicam
2889 2292 3111 2351 sancti

651 2369 989 2449 Laurentij
1039 2378 1232 2431 extra
1279 2388 1501 2429 muros
1535 2368 1599 2429 in
1632 2387 1796 2449 agro
1842 2366 2159 2430 Veranio¹
2192 2387 2388 2450 super
2417 2371 2812 2433 arenarium
2875 2378 3114 2459 cripte.

654 2456 767 2518 Ad
818 2456 937 2519 hec
992 2457 1057 2518 in
1108 2456 1215 2517 via
1271 2455 1609 2517 Labicana
1663 2455 1834 2516 inter
1863 2454 2028 2516 duas
2063 2454 2279 2517 lauros
2312 2455 2654 2518 basilicam
2697 2456 3113 2526 Marcellini

655 2544 1037 2627 presbyteri,
1097 2553 1164 2604 et
1227 2543 1401 2604 Petri
1479 2543 1828 2619 exorciste‚
1880 2552 1951 2603 vt
2013 2553 2227 2604 cetere
2287 2552 2634 2605 taceantur
2696 2564 2852 2626 que
2926 2552 3110 2614 iussu

651 2632 946 2694 eiusdem
1002 2631 1238 2712 optimi
1294 2629 1711 2711 imperatoris
1772 2630 1837 2691 in
1900 2629 2048 2709 alijs
2107 2630 2378 2693 vrbibus
2430 2630 2698 2694 fuerunt
2750 2636 3113 2702 edificate.

654 2718 858 2783 Cuius
890 2718 1205 2799 exemplo
1238 2718 1481 2780 multas
1512 2727 1748 2797 postea
1781 2716 1871 2798 pij
1906 2716 2196 2779 cristiani
2230 2738 2347 2799 per
2391 2718 2619 2781 orbem
2669 2720 3111 2789 edificarunt

651 2817 717 2869 et
748 2814 1232 2868 consecrarunt.

1602 2958 1670 3028 (Ι
1717 2952 1840 3013 Ad
1862 2951 2101 3015 laudes,

780 3065 1178 3147 Antzphona.
1270 3064 1452 3127 Bene
1506 3063 1786 3126 fundata
1837 3074 1936 3126 est
1990 3063 2230 3127 domus
2283 3063 2535 3127 domini
2567 3086 2780 3149 supra
2817 3069 3107 3136 firmam

649 3162 923 3236 petram.

1413 3305 1480 3375 (Ι
1526 3299 1586 3361 Α
1597 3299 1651 3361 α’
1673 3310 1966 3380 vesperas
1994 3299 2289 3379 hymnus,

652 3414 934 3542 VRbs
979 3413 1178 3511 beata
1227 3411 1598 3511 Ierusalem·
1632 3411 1834 3473 Dicta
1868 3411 2049 3493 pacis
2078 3412 2284 3512 visio:
2347 3412 2498 3495 Que
2544 3418 2980 3482 construitur
3029 3422 3095 3483 in

805 3499 976 3602 ‘celis
1022 3499 1216 3562 Viu1s
1261 3521 1348 3561 ex
1399 3498 1767 3581 lapidibus:
1817 3499 1906 3561 Et
1952 3498 2206 3579 angelis
2237 3510 2554 3562 coronata
2601 3499 2701 3564 Vt
2746 3520 3097 3585 sponsata

647 3598 976 3738 comllqtgua
1060 3672 1335 3736 veniens
1408 3694 1445 3735 e
1521 3672 1665 3734 celo
1758 3672 2056 3754 Nuptiali
2146 3671 2446 3735 thalamo
2538 3673 2916 3757 Preparata
3018 3690 3094 3743 vt

648 3772 964 3863 sponsata
1026 3759 1394 3842 Copuletur
1451 3760 1746 3823 domino,
1839 3760 2067 3821 Platee
2126 3768 2195 3822 et
2258 3761 2427 3822 muri
2503 3761 2646 3824 eius
2726 3762 2842 3826 Ex
2910 3787 3093 3830 auro

646 3869 1013 3998 purllggrsseo·
1065 3934 1278 3996 nitent
1356 3933 1729 4014 margaritis
1806 3931 2055 4013 Adytis
2129 3934 2553 4015 patentibus:
2649 3935 2744 3999 Et
2818 3941 3091 4003 virtute

646 4024 1028 4086 meritorum
1090 4021 1252 4083 Illuc
1304 4020 1743 4083 introducitur
1791 4017 2033 4083 Omnis
2078 4020 2190 4101 qui
2244 4021 2333 4084 ob
2365 4019 2609 4085 Christi
2642 4044 2901 4089 nomen
2937 4027 3090 4091 Hic

643 4111 709 4173 in
743 4109 995 4173 mundo
1027 4110 1360 4191 premitur.

774 4195 1244 4272 Tunsionibus,
1276 4195 1593 4277 pressuris
1627 4191 1931 4275 Expoliti
1977 4192 2232 4275 lapides
2266 4193 2419 4258 Suis
2449 4204 2858 4278 coaptantur
2908 4201 3093 4266 locis

645 4285 771 4347 Per
801 4304 1073 4347 manum
1106 4282 1375 4346 artificis
1401 4306 1416 4347 ε
1466 4282 1933 4364 Disponuntur
1963 4281 2375 4362 permansuri
2409 4280 2632 4347 Sacris
2662 4284 2976 4354 edificiis,

1641 4440 1661 4472 ¹
1692 4440 1917 4491 veriano
1936 4458 1950 4491 ε
1989 4453 2066 4505 39.
