3293 5225
498 428 585 478 118
949 430 1179 478 FERJA
1244 431 1319 478 II.
1385 430 1829 479 DOMINICAE
1885 428 1996 481 DE
2057 430 2438 481 PASSJONE.

489 583 681 665 piunt
713 583 805 644 ita
835 584 1036 645 etiam
1057 592 1129 645 vt
1149 583 1215 645 in
1239 582 1499 646 fletibus
1523 595 2076 668 compungantur,
2095 585 2210 648 sed
2236 594 2386 666 post
2407 584 2893 664 lachrymarum

492 679 757 751 tempus
799 668 910 732 ad1
961 672 1380 750 iniquitatem
1424 671 1718 734 redeunt.
1815 673 1905 735 Hi
1962 671 2259 754 profecto
2311 672 2514 734 verba
2575 672 2703 734 Dei
2757 692 2889 734 non

490 758 789 833 audiunt,
819 755 959 837 qui²²
990 778 1068 819 ea
1099 777 1409 818 exercere
1440 778 1638 838 opere
1671 769 2125 822 contemnunt.
2172 760 2402 822 Vitam
2423 779 2582 840 ergo
2604 769 2893 822 vestram

492 843 722 906 fratres
755 844 1118 907 charissimi
1152 859 1306 906 ante
1340 847 1579 906 mentis
1610 846 1838 908 oculos
1871 856 2217 909 reuocate:
2267 856 2336 909 et
2382 847 2517 909 alta
2562 845 2896 908 consider-

489 933 713 994 atione
736 932 1177 1013 pertimescite
1208 932 1332 993 hoc
1364 933 1542 1011 quod
1575 952 1663 994 ex
1696 953 1806 995 ore
1827 935 2122 997 veritatis
2152 943 2362 997 sonat.
2397 935 2755 1016 Propterea
2779 954 2897 996 vos

492 1039 621 1081 non
657 1019 937 1080 auditis:
971 1018 1124 1098 quia
1171 1039 1256 1080 ex
1295 1019 1441 1080 Deo
1472 1038 1606 1081 non
1653 1019 1854 1083 estis.³

617 1112 686 1181 (Ι
729 1105 854 1167 Aa'
903 1105 1128 1168 laudes
1177 1104 1547 1186 antiphona.
1641 1106 2213 1171 Circundederunt
2265 1128 2373 1169 me
2422 1128 2621 1170 canes
2684 1108 2895 1182 multi,

485 1193 837 1255 concilium
874 1192 1380 1274 malignantium
1415 1192 1677 1256 obsedit
1712 1215 1834 1258 me.

1561 1359 1807 1422 Oratio.

634 1471 970 1533 Vesumus
1000 1473 1423 1554 omnipotens
1460 1471 1643 1533 Deus
1678 1471 1993 1534 familiam
2029 1482 2210 1534 tuam
2260 1472 2583 1553 propitius
2629 1472 2895 1550 respice,

676 1568 747 1621 vt
779 1569 844 1621 te
878 1557 1197 1640 largiente
1229 1568 1496 1640 regatur
1529 1560 1590 1620 in
1626 1579 1919 1641 corpore,
1952 1569 2017 1621 et
2050 1569 2114 1622 te
2148 1568 2453 1621 seruante
2485 1559 2895 1621 custodiatur

483 1647 546 1707 in
584 1655 821 1708 mente.
918 1647 1037 1706 Per
1068 1646 1411 1707 dominum
1448 1655 1765 1709 nostrum.

1205 1816 1271 1885 (I
1304 1811 1426 1872 Ad
1450 1820 1756 1891 vesperas.
1853 1811 2170 1892 Hymnus.

486 1922 851 2050 VExilla
885 1926 1055 2007 regis
1089 1925 1432 2005 prodeunt,
1469 1924 1708 2007 Fulget
1757 1925 1968 1986 crucis
2022 1924 2432 2003 mysterium,
2489 1922 2642 2004 Quo
2698 1943 2895 1986 carne

666 2012 879 2072 carnis
912 2012 1233 2086 conditor,
1268 2011 1642 2092 Suspensus
1674 2022 1776 2075 est
1819 2010 2133 2093 patibulo.

611 2095 767 2177 Quo
800 2098 1178 2159 vulneratus
1212 2099 1492 2180 insuper,
1531 2099 1849 2160 Mucrone
1880 2100 2024 2161 diro
2057 2098 2300 2173 lancee,
2332 2097 2427 2161 Vt
2477 2118 2598 2159 nos
2644 2097 2897 2160 lauaret

482 2185 770 2259 crimine,
810 2186 1113 2247 Manauit
1145 2185 1323 2247 vnda
1363 2187 1706 2267 sanguine.

619 2270 905 2352 Impleta
937 2281 1091 2334 sunt
1124 2291 1252 2352 que
1284 2274 1573 2335 concinit
1609 2271 1831 2334 Dauid
1863 2297 1875 2335 :
1925 2272 2136 2334 fidelis
2169 2271 2480 2347 carmine,
2528 2271 2778 2334 Dicens
2827 2273 2892 2333 in

485 2358 880 2433 nationibus,
917 2359 1251 2440 Regnauit
1284 2379 1323 2420 a
1354 2358 1537 2440 ligno
1562 2360 1763 2423 Deus.

611 2444 835 2507 Arbor
866 2444 1123 2520 decora,
1153 2456 1220 2508 et
1254 2444 1522 2527 fulgida,
1556 2445 1814 2509 Ornata
1847 2448 2017 2529 regis
2052 2465 2358 2528 purpura,
2406 2446 2640 2508 Electa
2688 2446 2894 2528 digno

483 2532 725 2614 stipite,
759 2532 931 2594 Tam
966 2542 1196 2595 sancta
1232 2535 1526 2596 membra
1559 2543 1848 2615 tangere.

615 2620 823 2682 Beata
883 2622 1065 2682 cuius
1121 2621 1405 2702 brachijs
1454 2622 1624 2685 Secli
1676 2621 1996 2704 pependit
2042 2622 2326 2702 pretium
2379 2620 2644 2685 Statera
2693 2620 2898 2683 facta*

480 2707 786 2786 corporiS,
823 2708 1235 2788 Predamque
1269 2709 1419 2771 tulit
1452 2708 1720 2771 tartari.5

614 2792 675 2857 O
711 2814 873 2856 crux
908 2815 1033 2856 aue
1064 2815 1216 2877 spes
1236 2797 1442 2868 vnica,
1469 2796 1621 2857 Hoc
1646 2796 1969 2876 passionis
1991 2804 2306 2878 tempore,
2332 2795 2530 2875 Auge
2556 2793 2683 2877 pijs
2710 2795 2893 2857 iusti-

486 2880 666 2953 tiam,
704 2881 991 2961 Reisque
1026 2883 1202 2943 dona
1234 2885 1513 2946 veniam.

618 2968 718 3029 Te
748 2988 1011 3030 summa
1048 2969 1231 3030 Deus
1264 2972 1522 3032 trinitas
1556 2970 1911 3033 Collaudat
1944 2971 2163 3032 omnis
2208 2969 2496 3049 spirituS‚
2544 2968 2734 3050 Quos
2781 2988 2897 3051 per

482 3052 710 3117 Crucis
746 3056 1134 3136 mysterium
1170 3056 1424 3132 SaluaS,
1459 3079 1610 3137 rege
1643 3077 1760 3139 per
1797 3056 2034 3120 secula.
2127 3057 2370 3119 Amen.

615 3140 1011 3223 Antz‘plzona.
1109 3142 1532 3225 Multiplicati
1581 3154 1736 3207 sunt
1784 3163 1980 3225 super
2024 3142 2299 3224 capillos
2333 3144 2569 3225 capitis
2603 3143 2751 3219 mei,
2782 3142 2893 3224 qui

483 3229 767 3291 oderunt
799 3249 905 3290 me
937 3230 1160 3311 gratis,

613 3320 680 3390 (1
728 3315 1113 3378 Notandum
1166 3318 1341 3398 quod
1382 3317 1727 3398 antiphone
1765 3318 1963 3379 leuius
2014 3317 2151 3380 diei
2196 3317 2508 3380 dicuntur
2555 3337 2750 3399 vsque
2807 3316 2904 3378 ad

485 3401 871 3465 dominicam
912 3403 1301 3466 palmarum
1335 3405 1472 3466 nisi
1477 3406 1733 3484 festum
1766 3405 1999 3485 duplex
2024 3415 2327 3468 occurrat.

941 3574 1137 3635 Feria
1167 3575 1443 3638 secunda
1473 3597 1551 3637 ex
1578 3573 1894 3639 Daniele?
1985 3575 2199 3637 Lectio
2212 3574 2459 3656 prima.

498 3683 800 3812 NVnc
860 3705 1020 3766 ergo
1079 3689 1328 3750 exaudi
1410 3688 1593 3749 Deus
1673 3698 1895 3750 noster
1970 3688 2340 3749 orationem
2548 3696 2614 3749 et
2693 3683 2891 3747 finem

678 3773 1127 3853 perseuerabit
1159 3775 1502 3837 desolatio,

916 3944 982 4013 (I
1016 3938 1387 4002 Secundum
1420 3941 1507 4003 M
1506 3939 1840 4003 altheum.⁸
1928 3940 2139 4002 Lectio
2169 3940 2463 4004 secunda.

487 4048 523 4072 '
621 4047 764 4111 Vnc
797 4052 978 4113 venit
1016 4052 1199 4113 Iesus
1232 4072 1380 4115 cum
1419 4054 1544 4114 illis
1578 4054 1640 4113 in
1677 4051 1901 4114 villam
2052 4051 2357 4134 discipuli
2391 4072 2643 4128 omneS,
2665 4051 2895 4114 relicto

647 4156 726 4197 eo
760 4136 1087 4218 fugerunt.

571 4294 592 4389 ἐ
624 4296 725 4410 fir:
761 4296 840 4345 66.
1781 4299 1802 4329 '2
1836 4300 1986 4364 quia:
2024 4313 2102 4361 49.
2132 4300 2210 4348 60.
2241 4300 2319 4349 61.

688 4377 879 4411 iserere.
912 4373 987 4426 50.
1016 4365 1127 4412 add.
1157 4364 1236 4427 63.
1779 4365 1797 4394 ⁴
1831 4374 1940 4414 est:
1976 4367 2089 4414 add.
2117 4365 2193 4414 61.
2225 4365 2304 4425 64.
2334 4365 2413 4414 66.

566 4424 591 4523 ζ
622 4428 852 4542 {artatis-z
890 4441 968 4491 39.
997 4429 1075 4504 ⁶¹:
1105 4429 1184 4491 64.
1776 4428 1800 4524 ζ
1834 4430 2042 4506 Saluos:
2080 4429 2156 4493 38.

666 4509 711 4542 a.
740 4507 787 4554 9.
819 4510 876 4542 m
901 4510 966 4543 m.
1040 4495 1126 4553 [lx.
1161 4497 1360 4557 17—27.]
1830 4497 1981 4556 [xxvn.
2013 4495 2217 4560 36-56.]
