3293 5225
314 459 462 509 Aue.
495 458 599 520 16.]
1158 457 1453 507 OCTAVA
1502 457 2075 508 ASSUMPTJONJS.
2636 471 2734 523 ³19

740 668 809 738 (I
837 661 1050 724 Lectzo
1081 661 1274 724 tertia
1303 682 1384 723 ex
1406 681 1695 725 sermone
1723 660 1900 724 beati
1925 661 2294 725 Bernardi.¹

318 773 615 902 Vlrgo
674 773 873 836 hodie
933 772 1225 854 gloriosa
1284 771 1460 835 celos
1538 773 1927 850 ascendenS,
1986 794 2422 856 supernorum
2483 775 2732 858 gaudia

483 861 747 937 ciuium,
777 860 1067 943 copiosis
1112 860 1254 921 sine
1300 859 1504 922 dubio
1536 858 1903 923 cumulauit
1949 861 2343 941 augmentis,
2438 860 2587 924 Hec
2631 872 2735 925 est

315 947 493 1010 enim
525 949 711 1010 cuius
741 946 1160 1010 salutationis
1184 967 1321 1008 vox
1346 957 1413 1010 et
1448 946 1626 1028 ipsos
1650 946 1954 1010 exultare
1986 948 2143 1010 facit
2176 950 2242 1010 in
2276 949 2543 1030 gaudi0,
2565 968 2733 1030 quos

318 1045 618 1098 materna
664 1035 883 1097 adhuc
913 1035 1165 1096 viscera
1208 1033 1544 1096 claudunt.
1638 1033 1838 1115 Quod
1873 1036 1925 1097 si
1975 1034 2233 1117 paruuli
2267 1036 2552 1098 necdum
2593 1036 2732 1099 nati

315 1123 539 1184 anima
571 1122 927 1204 liquefacta
958 1131 1078 1198 est,
1107 1129 1179 1183 vt
1227 1120 1442 1182 Maria
1488 1120 1710 1183 locuta
1754 1131 1873 1196 est,
1904 1122 2063 1202 quid
2098 1133 2411 1205 putamus
2442 1143 2731 1204 quenam

316 1209 428 1272 illa
474 1210 665 1272 suerit
715 1208 1057 1272 celestium
1105 1207 1433 1272 exultatio
1495 1228 1645 1270 cum
1708 1228 1942 1272 vocem
2005 1220 2072 1272 et
2118 1211 2346 1271 audire
2392 1221 2457 1272 et
2505 1212 2731 1274 videre

313 1295 571 1371 faciem,
623 1305 690 1359 et
751 1295 947 1358 beata
1008 1295 1149 1358 eius
1211 1294 1333 1357 frui
1396 1295 1731 1376 presentia
1792 1302 2218 1359 meruerunt?
2310 1297 2523 1359 Nobis
2574 1318 2732 1360 vero

311 1383 697 1457 charissimi,
743 1403 872 1464 que
933 1383 998 1443 in
1045 1383 1186 1445 eius
1246 1383 1703 1464 assumptione
1764 1381 2182 1448 solennitatis
2229 1385 2537 1447 occasio?
2597 1405 2727 1465 que

316 1489 520 1533 causa
567 1469 819 1532 letitie?
868 1489 997 1550 que
1047 1469 1322 1532 materia
1370 1468 1817 1548 gaudiorum?
1910 1470 2120 1532 Marie
2170 1473 2502 1552 presentia
2551 1482 2732 1535 totus

316 1556 679 1619 illustratur
724 1556 900 1619 orbis
947 1556 1117 1618 adeo
1160 1565 1234 1618 vt
1280 1556 1423 1639 ipsa
1470 1557 1600 1618 iam
1650 1555 1912 1619 celestis
1961 1558 2176 1639 patria
2221 1558 2459 1621 clarius
2508 1558 2729 1622 rutilet

311 1644 605 1726 virginee
637 1644 963 1727 lampadis
1006 1644 1317 1706 irradiata
1364 1642 1635 1726 fulgore.
1730 1643 1972 1706 Merito
2022 1644 2299 1727 proinde
2346 1656 2612 1708 resonat
2659 1647 2722 1707 in

316 1730 598 1794 excelsis
644 1732 1005 1811 gratiarum
1039 1731 1215 1793 actio
1260 1739 1327 1793 et
1358 1751 1494 1793 vox
1541 1729 1773 1795 laudis,
1866 1729 1999 1794 Sed
2036 1732 2487 1814 plangendum
2538 1732 2731 1795 nobis

316 1819 535 1900 potius
566 1838 767 1899 quam
817 1816 1268 1900 plaudendum
1315 1837 1460 1879 esse
1491 1817 1769 1881 videtur.
1862 1818 2208 1900 Quantum
2240 1820 2418 1882 enim
2467 1819 2552 1882 de
2588 1821 2728 1882 eius

315 1907 648 1987 presentia
679 1905 893 1967 celum
926 1904 1207 1980 exultat,
1238 1905 1563 1985 numquid
1611 1925 1744 1966 non
1786 1916 2332 1986 consequens.est
2362 1918 2433 1971 vt
2464 1916 2725 1970 tantum

314 1993 539 2074 lugeat
563 1993 667 2055 hic
692 2003 917 2054 noster
940 1992 1206 2054 inferior
1230 1991 1538 2065 munduS,
1561 1992 1703 2053 eius
1727 1991 2098 2055 absentiam
2122 1999 2148 2055 Ρ
2238 1993 2471 2057 Cesset
2503 2004 2727 2057 tamen

312 2080 579 2161 querela
625 2089 867 2154 nostra,
897 2080 1053 2160 quia
1099 2099 1220 2140 nec
1266 2079 1457 2141 nobis
1503 2078 1609 2140 hic
1657 2092 1756 2141 est
1805 2099 2082 2142 manens
2128 2080 2382 2157 ciuitaS,
2413 2083 2527 2144 sed
2575 2102 2726 2145 eam

313 2167 705 2248 inquirimus
737 2166 821 2228 ad
855 2187 1056 2248 quam
1091 2166 1290 2228 hodie
1340 2166 1557 2227 Maria
1587 2165 1940 2228 benedicta
1986 2169 2302 2248 peruenit.
2399 2168 2476 2229 In
2524 2189 2726 2249 quam

310 2255 364 2315 si
411 2255 766 2337 conscripti
814 2254 990 2316 ciues
1035 2272 1281 2328 sumu5‚
1326 2254 1604 2334 dignum
1655 2253 1952 2335 profecto
1997 2264 2098 2317 est
2142 2255 2344 2316 etiam
2394 2255 2458 2317 in
2508 2255 2731 2333 exili0,

311 2340 516 2403 etiam
563 2361 763 2423 super
808 2340 1082 2403 flumina
1117 2339 1481 2419 Babylonis
1527 2341 1667 2402 eius
1707 2360 1828 2401 nos
1876 2341 2199 2403 recordari
2247 2342 2388 2403 eius
2433 2363 2730 2406 commu-

314 2427 535 2491 nicare
582 2428 864 2511 gaudij3,
912 2427 1054 2490 eius
1109 2427 1505 2509 participare
1561 2426 1859 2500 letitiam,
1914 2429 2344 2509 maximeque
2397 2449 2545 2491 eam
2601 2450 2731 2511 que

314 2523 453 2577 tam
486 2515 760 2596 copioso
791 2517 1045 2595 impetu
1080 2512 1350 2575 letificat
1381 2514 1583 2575 hodie
1613 2514 1955 2577 ciuitatem
1989 2516 2117 2591 dei,
2140 2525 2211 2578 vt
2258 2517 2622 2579 sentiamus
2666 2527 2731 2580 et

314 2600 438 2683 ipsi
471 2602 805 2665 stillicidia
835 2600 1158 2665 stillantia
1188 2620 1388 2683 super
1425 2609 1689 2664 terram.

1289 2769 1358 2839 ([
1388 2763 1512 2826 Ad
1535 2764 1776 2828 laudes.

443 2875 840 2957 Antiphona.
933 2872 1308 2958 Assumpta
1350 2886 1454 2939 est
1504 2876 1721 2938 Maria
1775 2876 1840 2939 in
1889 2875 2126 2953 celum,
2170 2879 2468 2959 gaudent
2513 2878 2734 2962 angeli

315 2962 667 3026 laudantes
700 2962 1103 3026 benedicunt
1148 2963 1515 3028 dominum.

1299 3128 1361 3190 A
1372 3127 1426 3190 d
1447 3139 1755 3209 vesperas.

450 3239 775 3317 Hymnus.
866 3240 1020 3302 Aue
1054 3240 1254 3302 maris
1284 3238 1520 3303 stella.²

448 3326 846 3408 Antt’plzona.
939 3328 1156 3390 Maria
1200 3328 1388 3409 virgo
1432 3327 1611 3389 celos
1667 3327 1965 3391 ascendit
2027 3328 2334 3409 gaudete,
2380 3330 2536 3411 quia
2580 3350 2732 3393 cum

320 3413 590 3479 Christo
620 3425 852 3495 regnat
883 3414 1271 3479 ineternum.

902 3582 968 3652 ΙΙ
1000 3576 1131 3639 Die
1159 3627 1172 3641 .
1185 3576 1278 3640 16.
1310 3576 1386 3638 de
1414 3584 1640 3638 octaua
1670 3576 2172 3657 assumptzbm‘s?

735 3689 829 3771 iij.
863 3689 1037 3752 lectio
1066 3711 1145 3752 ex
1170 3688 1381 3751 eodem
1413 3708 1701 3750 sermone
1729 3688 1945 3750 sancti
1966 3687 2314 3753 Bernardz‘.

337 3801 747 3930 PRecessit
780 3822 901 3863 nos
935 3801 1195 3881 Regina
1227 3810 1451 3862 nostra
1485 3800 1817 3881 precessit,
1841 3811 1906 3864 et
1939 3810 2076 3863 tam
2110 3801 2393 3882 gloriose
2427 3814 2737 3887 suscepta

471 3898 591 3964 est,
636 3898 707 3951 vt
768 3887 1159 3951 fiducialiter
1216 3897 1580 3968 sequantur
1637 3888 1985 3949 dominum
2048 3888 2290 3951 seruuli
2352 3889 2737 3957 clamantes

325 3975 548 4038 Trahe
600 3996 720 4038 nos
781 3986 931 4057 post
981 3985 1065 4049 te,
1127 3977 1193 4037 in
1255 3976 1458 4037 odore
1517 3984 2009 4056 vnguentorum
2065 3984 2331 4038 tuorum
2382 3997 2736 4042 curremus.

327 4062 757 4126 Aduocatum
814 4063 1114 4144 premisit
1159 4060 1606 4144 peregrinatio
1670 4072 1913 4137 nostra,
1958 4082 2087 4142 que
2133 4073 2453 4144 tanquam
2504 4065 2738 4128 iudicis

327 4160 556 4225 mater,
611 4160 676 4213 et
739 4161 953 4212 mater
1013 4149 1458 4211 misericordie
1518 4147 1906 4230 suppliciter
1965 4158 2032 4211 et
2092 4149 2447 4214 efficaciter
2507 4152 2736 4217 salutis

325 4247 550 4300 nostre
577 4238 854 4318 negocia
878 4235 1325 4319 pertractabit.
1418 4235 1794 4298 Preciosum
1822 4235 2019 4297 hodie
2046 4256 2285 4299 munus
2316 4247 2488 4300 terra
2515 4250 2740 4303 nostra

325 4325 573 4387 direxit
598 4325 663 4386 in
696 4323 932 4400 celum,
956 4334 1027 4387 vt
1058 4323 1302 4398 dando,
1326 4332 1393 4383 et
1424 4322 1815 4404 accipiendo
1847 4321 2018 4384 felici
2044 4324 2484 4388 amicitiarum
2521 4325 2741 4390 federe

426 4456 443 4488 ¹
479 4459 798 4507 Bernardini
811 4474 828 4506 .·
861 4472 938 4520 49.
1336 4454 1359 4487 ²
1391 4466 1446 4507 vt
1468 4466 1624 4522 sujra
1642 4472 1663 4506 :
1694 4458 1805 4508 add.
1836 4471 1914 4521 39.
1943 4472 2023 4519 41.
2097 4459 2205 4519 [See
2228 4460 2392 4520 below,
2421 4477 2470 4525 p.
2499 4461 2639 4525 388.]

428 4522 449 4554 ³
480 4524 563 4573 die
593 4524 664 4573 16.
697 4526 753 4572 in
778 4540 843 4573 m.
915 4540 1007 4573 om.
1039 4522 1117 4586 38.
