3293 5225
1122 466 1501 515 DOMINJCA
1542 468 1632 515 ΡΑ
1644 467 1988 518 LMARwJ.
2652 480 2742 532 125

868 677 931 745 (1
977 669 1198 733 Tertia
1228 670 1406 732 lectio
1434 671 1779 732 secundum
1811 669 1906 731 M
1899 667 2228 734 attlzeum.¹

414 783 476 845 N
528 784 641 846 illo
700 792 1001 864 tempore
1062 802 1212 844 cum
1268 767 1870 865 appropinquasset
1942 783 2128 844 Iesus
2187 783 2628 864 lerosolymis,
2674 794 2741 846 et

458 871 746 933 venisset
796 870 1143 952 Betphage
1189 869 1273 930 ad
1325 878 1623 932 montem
1675 868 1942 945 Oliveti,
1990 879 2148 932 tunc
2197 870 2378 932 misit
2437 870 2606 932 duos
2651 891 2738 933 ex

329 957 849 1125 dEipiiequffasuis
895 958 1124 1018 dicens
1169 955 1303 1019 eis:
1356 956 1455 1018 Ite
1488 957 1552 1017 in
1585 955 1932 1019 castellum
1982 956 2159 1036 quod
2209 966 2442 1018 contra
2475 978 2591 1019 vos
2624 969 2741 1022 est.

896 1186 1244 1270 Homelt'a†
1273 1187 1489 1250 sancti
1514 1187 1574 1249 A
1586 1187 1859 1268 mbrosg'j
1882 1187 2158 1268 episcopi.

449 1301 697 1364 Vlchre
787 1310 1009 1363 autem
1103 1299 1343 1362 relictis
1439 1300 1663 1362 Iudeis
1752 1299 2167 1362 habitaturus
2246 1299 2311 1361 in
2389 1299 2737 1364 affectibus

476 1389 816 1469 gentium:
863 1387 1187 1469 templum
1220 1386 1530 1449 dominus
1579 1387 1894 1449 ascendit.
1989 1387 2140 1449 Hoc
2186 1387 2361 1450 enim
2411 1387 2736 1471 templum

326 1485 429 1538 est
462 1495 689 1538 verum
719 1499 733 1537 ε
765 1475 831 1537 in
866 1494 999 1557 quo
1033 1494 1165 1536 non
1201 1474 1267 1535 in
1296 1474 1517 1536 litera:
1549 1474 1664 1536 sed
1702 1474 1765 1535 in
1801 1474 2030 1556 spiritu
2064 1474 2376 1536 dominus
2407 1476 2738 1540 adoratur.

337 1563 487 1624 Hoc
538 1562 664 1624 Dei
713 1563 1037 1645 templum
1086 1573 1203 1632 est,
1235 1560 1415 1642 quod
1449 1560 1601 1623 fidei
1651 1561 1848 1623 series
1882 1581 2015 1623 non
2064 1559 2361 1642 lapidum
2409 1572 2739 1625 structura

322 1650 644 1713 fundauit.
668 1650 1081 1712 Deseruntur
1099 1668 1260 1731 ergo
1278 1648 1391 1730 qui
1409 1648 1723 1710 adorant:
1748 1647 2080 1728 eliguntur
2096 1648 2211 1730 qui
2230 1650 2514 1711 amaturi
2537 1658 2742 1715 erant.

334 1737 421 1799 Et
454 1736 605 1799 ideo
637 1735 723 1799 ad
772 1747 1070 1799 montem
1103 1736 1286 1798 venit
1334 1734 1602 1810 Oliueti,
1635 1744 1706 1796 vt
1753 1735 2049 1797 nouellas
2096 1735 2308 1798 oliuas
2357 1736 2421 1797 in
2468 1735 2735 1799 sublimi

328 1826 647 1886 virtutum
727 1824 1089 1905 plantaret:
1165 1842 1444 1904 quarum
1510 1831 1721 1884 mater
1780 1830 1881 1884 est
1959 1822 2067 1884 illa
2128 1842 2256 1903 que
2316 1842 2573 1885 sursum
2637 1834 2738 1886 est

335 1911 710 1973 Ierusalem.
808 1911 883 1972 In
932 1909 1055 1972 hoc
1104 1920 1331 1972 monte
1377 1918 1477 1970 est
1524 1908 1631 1969 ille
1664 1909 1922 1971 celestis
1968 1909 2290 1989 agricola:
2337 1919 2407 1971 vt
2455 1909 2736 1992 plantati

328 2017 563 2061 omnes
624 1999 689 2059 in
736 1997 941 2059 domo
1001 1995 1275 2071 domini,
1321 1995 1575 2078 possint
1623 1996 1686 2056 in
1737 1997 2016 2058 veritate
2077 1997 2293 2057 dicere
2357 1997 2507 2078 Ego
2567 1999 2738 2060 sicut

327 2085 529 2165 olyua
576 2083 963 2147 fructificaui
1015 2084 1077 2145 in
1127 2084 1330 2145 domo
1374 2082 1648 2144 domini.
1741 2082 1831 2144 Et.
1878 2083 2154 2145 fortasse
2203 2084 2341 2166 ipse
2389 2104 2580 2147 mons
2612 2083 2739 2148 2est

330 2170 679 2235 Christus.2
769 2171 939 2253 Quis
968 2171 1145 2232 enim
1180 2170 1349 2231 alius
1382 2169 1548 2231 tales
1580 2169 1829 2230 fructus
1862 2169 2056 2232 ferret
2085 2169 2380 2232 olearum
2416 2191 2549 2233 non
2581 2192 2736 2234 con-

332 2257 770 2321 uescentium3
872 2257 1171 2319 vbertate
1262 2256 1652 2319 baccarum:
1745 2256 1860 2318 sed
1951 2257 2221 2338 spiritus
2326 2256 2737 2340 plenitudine

330 2347 628 2428 gentium
694 2346 1168 2407 fecundarum?
1236 2344 1386 2426 Ipse
1445 2354 1544 2405 est
1607 2362 1723 2425 per
1780 2363 1979 2424 quem
2042 2344 2464 2407 ascendimus
2523 2356 2591 2408 et
2650 2347 2737 2408 ad

330 2452 530 2514 quem
577 2432 1040 2494 ascendimus:
1089 2431 1230 2512 ipse
1275 2439 1378 2493 est
1424 2431 1640 2504 ianua,
1672 2430 1811 2513 ipse
1857 2441 1957 2492 est
2003 2432 2127 2506 via,
2173 2432 2288 2512 qui
2334 2432 2626 2515 aperitur
2670 2442 2739 2495 et

329 2521 441 2601 qui
489 2520 719 2601 aperit,
764 2520 876 2599 qui
924 2518 1222 2600 pulsatur
1265 2518 1352 2579 ab
1406 2516 1928 2597 ingredientibus
1989 2529 2055 2580 et
2101 2517 2188 2580 ab
2246 2519 2737 2599 egredientibus

329 2607 657 2669 adoratur.
780 2607 963 2688 Ergo
1023 2607 1087 2667 in
1149 2605 1422 2667 castello
1481 2615 1622 2666 erat
1675 2614 1742 2667 et
1803 2604 2045 2685 ligatus
2102 2615 2244 2668 erat
2306 2605 2524 2688 pullus
2584 2628 2735 2670 cum

328 2696 515 2756 asina
557 2714 688 2755 non
738 2705 997 2776 poterat
1042 2692 1209 2755 solui
1258 2693 1381 2753 nisi
1430 2692 1604 2754 iussu
1656 2692 1926 2754 domini.
2037 2692 2254 2755 Soluit
2299 2713 2451 2755 eum
2501 2714 2738 2757 manus

327 2780 713 2863 apostolica,
759 2780 910 2843 talis
971 2789 1176 2855 actuS,
1221 2779 1374 2841 talis
1431 2780 1607 2841 vita:
1670 2778 1821 2840 talis
1880 2781 2107 2861 gratia.
2205 2780 2371 2842 Esto
2432 2781 2610 2842 talis*
2667 2791 2739 2844 vt

330 2869 543 2951 possis
590 2869 827 2949 ligatos
874 2867 1146 2929 soluere.
1269 2867 1464 2928 Nunc
1512 2866 2006 2928 consideremus
2053 2867 2164 2947 qui
2200 2867 2464 2928 fuerunt
2496 2867 2587 2929 illi
2623 2870 2735 2950 qui

328 2976 543 3017 errore
574 2958 837 3018 detecto
857 2956 941 3017 de
974 2954 1280 3036 paradiso
1312 2954 1501 3015 eiecti
1530 2954 1593 3014 in
1623 2952 1899 3015 castello
1922 2954 2054 3015 sint
2081 2953 2356 3034 religati.
2448 2955 2538 3017 Et
2558 2954 2737 3017 vide-

331 3042 547 3105 bimus
572 3041 1139 3124 quemadmodum
1174 3060 1340 3120 quos
1375 3061 1549 3102 mors
1570 3039 1932 3122 expulerat.
1958 3041 2095 3102 vita
2128 3042 2551 3104 reuocauerit.
2647 3043 2738 3105 Et

331 3130 481 3191 ideo
512 3130 873 3192 secundum
913 3128 1291 3190 Mattheum
1325 3139 1391 3189 et
1424 3128 1679 3189 asinam
1713 3136 1779 3189 et
1813 3126 2065 3209 pullum
2115 3127 2431 3208 legimus:
2479 3138 2551 3191 vt
2581 3130 2738 3210 quia

331 3217 394 3278 in
457 3215 717 3278 duobus
776 3216 1156 3277 hominibus
1216 3225 1492 3296 vterque
1554 3212 1768 3276 fuerat
1827 3234 2034 3276 sexus
2094 3216 2433 3296 expulsu8‚
2479 3215 2739 3278 duobus

328 3302 749 3365 animalibus⁵
780 3312 1051 3383 vterque
1087 3300 1471 3364 reuocetur.⁶

1085 3468 1151 3537 (Ι
1183 3462 1243 3524 A
1254 3463 1306 3524 d
1329 3463 1552 3523 laudes
1580 3462 1976 3541 Antz'pltona.

462 3577 648 3640 Pueri
726 3575 1120 3639 hebreorum
1183 3574 1491 3637 tollentes
1568 3593 1787 3636 ramos
1863 3572 2216 3653 olyuarum
2296 3574 2738 3639 obuiauerunt

326 3665 600 3727 domino
631 3663 1016 3739 clamante3‚
1047 3672 1113 3724 et
1145 3663 1457 3736 dicenteS,
1490 3659 1768 3723 Osanna
1801 3660 1866 3722 in
1900 3660 2199 3723 excelsis.

1419 3796 1662 3861 Oratio.

330 3905 863 4035 OMnipotens
953 3904 1354 3985 sempiterne
1445 3900 1627 3976 deuS,
1717 3901 1829 3982 qui
1920 3900 2215 3963 humano
2322 3904 2547 3980 generi
2650 3904 2735 3967 ad

531 3987 954 4054 imitandum7
1029 3989 1421 4052 humilitatis
1496 3987 1881 4066 exemplum
1960 3986 2356 4051 saluatorem
2436 4000 2736 4054 nostrum

325 4099 591 4142 carnem
625 4098 902 4154 sumere,
933 4086 1001 4139 et
1031 4095 1292 4138 crucem
1324 4074 1540 4137 subire
1573 4074 1784 4136 fecisti
1831 4074 2123 4136 concede
2171 4078 2506 4157 propitus:
2553 4088 2624 4140 vt
2670 4091 2737 4140 et

322 4166 640 4249 patientie
685 4166 889 4247 ipsius
951 4163 1194 4226 habere
1255 4162 1660 4225 documenta
1722 4171 1789 4224 et
1852 4164 2344 4225 resurrectionis
2405 4165 2739 4227 consortia

325 4273 710 4316 mereamur.
808 4253 929 4314 Per
959 4252 1263 4313 eundem.

422 4404 439 4436 ¹
475 4406 562 4456 Ca.
594 4418 671 4454 21.
702 4406 759 4453 in
784 4421 850 4454 m.
1625 4398 1734 4438 ²—2
1767 4400 1995 4451 Christus
2017 4411 2127 4452 est:
2163 4402 2242 4450 61.
2272 4402 2350 4464 64.

420 4469 441 4501 ⁸
474 4469 898 4520 curuescentium:
936 4469 1014 4518 61.
1046 4468 1125 4532 63.
1155 4468 1233 4529 64.
1632 4465 1654 4496 ⁴
1687 4476 1736 4515 et
1759 4474 1848 4515 tu:
1883 4468 1994 4515 add.
2024 4467 2102 4515 61.
2133 4467 2211 4528 64.

422 4535 443 4566 ⁵
476 4536 767 4585 animabus:
803 4536 882 4585 61.
1201 4531 1224 4563 ⁶
1261 4532 1514 4582 Miserere.
1547 4543 1622 4595 50.
1653 4534 1764 4581 add.
1793 4531 1871 4594 63.
2188 4531 2209 4563 ⁷
2241 4532 2587 4583 innitendum:
2625 4534 2702 4598 38.
