3293 5225
573 415 668 465 274
1093 404 1146 454 S.
1186 402 1578 455 JUSTJNUS:
1612 405 1706 453 ss,
1758 402 2242 454 VALERJANUS
2272 403 2435 453 Ere.
2715 403 2873 465 [Am.
2909 415 2986 463 14.

575 557 687 638 qui
720 556 786 619 in
819 557 1101 621 concilio
1132 557 1592 620 calcedonensi
1624 568 1785 621 tunc
1817 556 2150 620 celebrato
2170 557 2472 620 damnati
2500 566 2671 620 sunt.
2760 556 2896 620 Vbi
2917 565 2989 619 et

578 645 1080 708 Manicheorum
1108 645 1254 707 libri
1288 644 1551 708 fuerunt
1604 645 1870 708 incensi.
1965 646 2238 708 Interim
2289 665 2446 708 vero
2494 664 2645 707 cum
2696 643 2992 707 Vandali

578 731 863 794 Romam
898 733 1342 814 diripuissent,
1373 752 1449 794 ac
1483 731 1735 814 templa
1766 731 2180 814 spoliassent,
2225 731 2404 793 vrbis
2452 751 2529 794 ac
2583 732 2986 813 templorum

576 821 973 901 reparationi
1008 821 1245 882 mirum
1281 820 1347 881 in
1396 819 1668 881 modum
1729 819 2039 895 intentuS,
2086 818 2312 882 multis
2359 819 2990 901 preclarissimisque

577 905 769 969 rebus
828 907 1034 987 gestis
1088 906 1382 983 moritur,
1440 916 1506 968 et
1569 907 1633 968 in
1701 905 1874 969 Petri
1928 906 2212 968 Basilica
2271 905 2588 988 sepelitur
2646 904 2776 985 .iij.¹
2838 907 2991 967 idus

579 993 847 1075 Aprilis,
894 1013 1045 1056 cum
1095 994 1375 1055 sedisset
1425 1013 1637 1055 annos
1690 1013 1894 1056 vnum
1946 1002 2014 1055 et
2062 1016 2198 1056 .xx.
2231 1013 2526 1055 mensem
2574 1013 2798 1056 vnum.
2845 993 2991 1054 dies

592 1101 732 1161 κῃ).

929 1241 997 1312 {1
1044 1234 1086 1296 I
1082 1235 1338 1297 ustinus
1353 1233 1770 1316 philosophus
1801 1233 2096 1316 martyr?
2183 1234 2396 1297 Lectio
2427 1234 2637 1298 tertia.

590 1348 942 1478 IVstinus
976 1346 1261 1429 Neapoli
1297 1357 1493 1410 natus
1526 1347 1590 1409 in
1618 1347 1952 1410 Palestina
1972 1347 2411 1429 philosophus
2431 1348 2554 1410 fuit
2583 1347 2991 1410 Platonicus.

703 1435 837 1518 Qui
870 1435 1085 1498 factus
1128 1435 1522 1497 christianus
1547 1434 1834 1516 plurima
1857 1434 2227 1498 studiorum
2253 1455 2519 1498 suorum
2547 1445 2990 1497 monumenta

579 1542 699 1605 pro
732 1522 862 1585 fide
893 1522 1254 1584 christiana
1286 1521 1660 1604 posteritati
1696 1521 1977 1602 reliquit.
2071 1522 2161 1585 Et
2213 1523 2276 1583 in
2328 1522 2429 1584 his
2483 1521 2984 1603 apologeticum

577 1608 816 1673 librum
879 1630 998 1691 pro
1059 1608 1432 1671 christianis
1487 1607 1571 1671 ad
1629 1607 2081 1671 Antoninum³
2145 1609 2354 1680 Pium,
2433 1619 2499 1672 et
2551 1608 2830 1672 alterum
2894 1607 2987 1671 ad

576 1716 1017 1759 successorem
1066 1696 1260 1758 huius
1292 1695 1745 1758 Antoninum*
1766 1696 2016 1758 Verum
2115 1696 2284 1758 Item
2319 1694 2487 1759 duos
2519 1696 2722 1758 libros
2753 1707 2990 1758 contra

579 1804 894 1866 paganos,
990 1783 1121 1845 Hic
1152 1803 1303 1845 cum
1339 1784 1401 1844 in
1459 1782 1618 1844 vrbe
1677 1783 1895 1845 Roma
1948 1783 2325 1864 frequenter
2379 1804 2497 1865 pro
2552 1781 2682 1845 fide
2738 1782 2986 1846 Christi

576 1869 997 1953 disputasset,
1028 1878 1094 1932 et
1129 1868 1550 1934 Crescentem
1585 1869 1924 1950 quendam
1978 1872 2289 1950 cynicum
2339 1870 2664 1951 (moribus
2712 1879 2778 1931 et
2834 1890 2987 1952 pro—

578 1957 859 2020 fessione
920 1977 1071 2019 vere
1120 1957 1385 2038 canem)
1436 1957 1646 2019 multa
1697 1958 1762 2019 in
1813 1956 2206 2020 christianos
2261 1958 2562 2019 conuicia
2617 1958 2982 2020 iactantem

578 2064 735 2126 sepe
769 2044 1231 2125 redarguisset,
1263 2043 1351 2105 ab
1404 2042 1639 2106 eodem
1694 2052 2058 2118 accusatus,
2108 2042 2288 2125 quod
2344 2045 2740 2107 christianus
2788 2054 2988 2119 esset,

577 2132 926 2213 capiteque
987 2130 1345 2193 damnatus
1407 2131 1728 2211 martyrio
1789 2141 2159 2194 coronatur.
2251 2129 2453 2212 Quod
2516 2133 2609 2193 ita
2687 2130 2984 2194 futurum

579 2228 831 2298 martyr
921 2219 1060 2299 ipse
1152 2216 1534 2299 predixerat
1611 2219 1676 2279 in
1754 2216 2143 2280 defensione
2216 2218 2507 2281 secunda
2583 2238 2783 2299 quam
2863 2238 2989 2300 pro

577 2305 949 2367 christianis
1009 2304 1326 2367 ediderat.
1421 2305 1662 2367 Passus
1720 2314 1821 2366 est
1887 2314 2111 2368 autern
2190 2305 2673 2387 imperantibus
2753 2305 2989 2367 Marco

580 2392 857 2455 Aurelio
889 2392 1071 2454 Vero
1103 2401 1169 2454 et
1202 2390 1554 2454 Antonino
1587 2393 1730 2454 eius
1762 2391 1897 2454 filio
1932 2392 2149 2454 idibus
2175 2391 2443 2474 Aprilis

749 2538 817 2609 (Ι
881 2533 1283 2608 Valerianus,
1328 2532 1679 2615 Tyburtius
1707 2542 1769 2594 et
1794 2533 1987 2595 ceteri
2013 2535 2371 2614 martyresfi
2460 2534 2669 2596 Lectio
2716 2534 2809 2615 τῇ.

582 2645 1074 2775 VAlerianus
1134 2665 1380 2728 genere
1444 2666 1775 2719 romanuS,
1834 2655 1900 2708 et
1953 2647 2128 2708 idem
2185 2646 2633 2709 nobilissimus
2684 2657 2988 2729 tempore

722 2734 930 2796 Marci
1015 2732 1269 2814 Aurelij
1353 2732 1684 2795 Antonini
1768 2733 2198 2815 Imperatoris
2273 2732 2413 2814 qui⁶
2483 2732 2800 2797 Ceciliam
2857 2734 2983 2796 sibi

576 2841 745 2903 eque
777 2820 1253 2883 nobilissimam
1287 2821 1542 2902 accepit
1573 2840 1871 2894 vxorem,
1902 2820 2086 2883 cuius
2118 2822 2404 2902 impulsu
2437 2830 2638 2902 atque
2687 2820 2995 2902 precibus

579 2906 752 2991 (erat
812 2909 989 2970 enim
1052 2907 1138 2969 ab
1201 2909 1468 2969 ineunte
1529 2916 1711 2968 etate
1772 2906 1971 2969 fidem
2047 2907 2315 2988 edocta)
2391 2907 2477 2971 ad
2554 2908 2988 2970 christianam

579 2994 964 3077 religionem
999 2991 1282 3057 reiectis7
1314 2991 1532 3056 idolis⁸
1561 3013 1919 3056 conuersus
1947 3003 2048 3056 est
2079 3004 2145 3057 et
2178 3015 2217 3056 a
2248 3004 2482 3057 sancto
2513 2995 2792 3057 Vrbano
2812 3015 2993 3077 papa

578 3082 956 3164 baptizatus
987 3101 1185 3162 quem
1234 3079 1601 3161 Tyburtius
1652 3081 1792 3143 eius
1838 3101 2195 3162 germanus
2248 3083 2561 3157 imitatu5‚
2616 3082 2702 3144 ab
2747 3081 2990 3144 eodem

582 3168 894 3251 pontifice
940 3167 1333 3250 baptizatur.
1425 3166 1820 3230 Almachius
1873 3169 2073 3249 igitur
2123 3168 2468 3250 prefectuS,
2520 3178 2588 3231 et
2641 3168 2992 3231 christian-

581 3276 768 3318 orum
803 3256 1187 3318 senissimus
1217 3254 1446 3330 hostiS,
1477 3274 1627 3316 cum
1651 3254 1774 3316 hos
1792 3253 1961 3317 esse⁸
1984 3254 2393 3331 christianos»,
2418 3265 2486 3318 et
2510 3256 2988 3338 patrimonium

584 3344 715 3405 iam
749 3363 948 3405 omne
980 3341 1381 3424 pauperibus
1413 3360 1722 3424 erogasse
1754 3344 2194 3423 cognouisset‚
2225 3345 2494 3405 eosdem
2537 3342 2621 3406 ad
2673 3363 2743 3405 se
2790 3353 2993 3405 vocat

583 3439 651 3492 et
721 3431 957 3491 acriter
1018 3430 1332 3511 increpat.
1427 3427 1518 3490 Et
1580 3438 1732 3510 post
1796 3428 2065 3509 longam
2128 3429 2214 3492 de
2276 3427 2406 3493 fide
2468 3430 2709 3504 christi,
2770 3429 2994 3510 deque

583 3515 762 3579 cultu
856 3515 1183 3578 idolorum
1275 3516 1802 3597 disputationem
1898 3517 2067 3578 inter
2171 3518 2351 3598 ipsos
2431 3516 2602 3579 vltro
2690 3518 2994 3598 citroque

584 3603 882 3666 habitam
974 3605 1058 3665 ad
1140 3603 1320 3665 Iouis
1396 3601 1874 3665 simulachrum
1950 3602 2220 3666 eosdem
2299 3603 2536 3667 deduci
2617 3605 2797 3666 iubet
2874 3614 2996 3666 aut

585 3689 1079 3764 sacrificaturOS,
1141 3698 1258 3752 aut
1318 3688 1543 3770 aliquo
1605 3690 1839 3751 mortis
1914 3709 2155 3770 genere
2230 3710 2430 3771 quam
2511 3690 2995 3754 immanissime

587 3778 980 3841 interituros.
1078 3775 1180 3838 Illi
1257 3796 1414 3839 vero
1492 3777 1556 3837 in
1635 3775 2050 3839 confessione
2127 3776 2370 3840 Christi
2450 3775 2849 3860 perstantes⁹
2923 3787 2994 3840 et

586 3874 885 3947 paratam
935 3862 1058 3926 sibi
1105 3872 1174 3926 et
1221 3861 1527 3926 fidelibus
1561 3863 1840 3945 gloriam
1878 3863 2314 3945 predicanteS,
2345 3874 2627 3927 mortem
2663 3864 2994 3947 impietati

585 3950 1012 4034 pretulerunt.
1109 3951 1343 4030 Itaque
1375 3959 1571 4011 extra
1623 3949 1853 4011 vrbem
1909 3949 2151 4027 educti,
2199 3953 2282 4014 ad
2336 3962 2644 4033 quartum
2698 3950 2995 4033 lapidem

583 4039 782 4120 xviij.
845 4036 1159 4101 calendas
1207 4035 1370 4117 Maij
1421 4056 1572 4099 cum
1624 4057 1886 4099 summa
1935 4035 2088 4099 fidei
2136 4039 2515 4102 constantia
2560 4038 2999 4103 trucidantur.

672 4213 690 4245 ¹
724 4214 790 4279 ij:
828 4210 905 4275 38.
2008 4209 2031 4239 ²
2062 4210 2144 4260 die
2173 4224 2246 4261 12.
2277 4229 2334 4261 m
2358 4230 2424 4262 m.

675 4279 697 4310 ³
729 4276 1040 4328 Antonium:
1078 4273 1156 4337 38.
1186 4287 1264 4335 41.
1295 4285 1375 4337 43.
1404 4273 1482 4323 61.
1513 4273 1592 4335 64.
2014 4275 2035 4305 ⁴
2068 4278 2378 4327 Antonium:
2416 4277 2494 4328 61.
2523 4277 2603 4339 64.

675 4344 696 4374 ⁶
727 4345 809 4395 die
837 4356 909 4404 14.
941 4343 997 4389 in
1023 4357 1086 4388 m.
2013 4338 2035 4370 ⁶
2065 4358 2158 4391 om.
2191 4354 2267 4405 39.
2297 4353 2390 4393 etc.

672 4410 693 4443 ⁷
726 4409 967 4459 reiectus:
1003 4405 1080 4469 38.
2011 4404 2032 4436 ⁸
2064 4424 2156 4457 om.
2188 4408 2266 4471 38.

673 4475 695 4508 ⁹
727 4481 1017 4541 praestantes
1036 4489 1049 4520 ε
1086 4468 1164 4533 38.
