3293 5225
508 458 599 509 182
834 459 1066 509 FERIA
1116 460 1168 509 V.
1208 455 1651 508 DOMINICAE
1683 458 1760 507 ll.
1802 457 1994 507 POST
2019 456 2587 506 PENJECOSTEM

591 652 659 723 (Ι
704 647 904 710 Feria
935 644 1316 711 ..v10ctaua2
1345 645 1622 728 corporis
1645 642 1895 794 Ξηζςίιῖ
1924 643 2159 726 duplex
2184 665 2406 708 mmus
2433 665 2512 707 ex
2544 643 2791 708 Genesz.
2793 641 2819 681 ³

1706 732 1861 794 ectio
1890 753 1948 796 a.

519 838 1079 966 REuersusque
1131 847 1232 900 est
1292 836 1535 919 Ioseph
1570 837 1655 937 ’in
1716 836 2073 936 Egyptum
2111 855 2264 899 cum
2312 836 2622 900 fratribus
2666 835 2818 909 suiS,
2850 843 2920 898 et

681 926 864 988 omni
895 926 1219 988 comitatu
1372 933 1698 1006 rep051tus
1728 932 1830 986 est
1862 944 1927 985 1n
1963 923 2178 987 loculo
2211 925 2276 987 in
2312 924 2606 1006 EgyptO.

916 1067 984 1138 (Ι
1028 1061 1142 1124 Ex
1166 1061 1227 1124 A
1238 1061 1359 1124 ctis
1386 1061 1448 1124 A
1445 1060 1887 1141 postolorum.⁴
1973 1059 2185 1123 Lectio
2212 1060 2503 1125 secunda.

648 1165 708 1228 T
742 1164 988 1229 sactum
1020 1177 1141 1240 est,
1175 1185 1325 1228 cum
1360 1163 1720 1227 introisset5
1749 1164 1997 1240 PetruS‚
2021 1163 2261 1228 obuius
2280 1165 2460 1228 venit
2484 1165 2544 1228 ei
2574 1164 2921 1229 Cornelius

793 1265 1092 1316 maneret
1123 1253 1302 1334 apud
1335 1273 1450 1315 eos
1481 1251 1737 1333 aliquot
1768 1250 2019 1315 diebuS.

1397 1391 1465 1462 (Ι
1523 1385 1745 1448 Tertia
1788 1385 2019 1450 Lectio.

654 1489 898 1553 Vantis
959 1489 1159 1573 igitur
1206 1488 1451 1551 vtimur
1496 1489 1830 1571 exemplis
1882 1497 1955 1551 vt
2005 1489 2360 1572 probemus
2409 1489 2535 1552 hoc
2590 1510 2722 1552 non
2776 1508 2923 1552 esse

683 1575 863 1658 quod
927 1586 1161 1640 natura
1222 1575 1552 1652 formauit,
1612 1575 1729 1639 sed
1791 1575 1972 1658 quod
2034 1575 2412 1639 benedictio
2471 1575 2926 1639 consecrauit:

508 1664 962 1745 maioremque
1019 1664 1155 1726 vim
1219 1684 1364 1726 esse
1426 1663 1910 1727 benedictionis
1970 1683 2173 1745 quam
2224 1672 2477 1741 nature,
2535 1683 2668 1745 qua
2715 1663 2919 1726 etiam

505 1750 967 1814 benedictione
1000 1751 1142 1833 ipsa
1174 1759 1408 1813 natura
1441 1758 1750 1814 mutatur.
1839 1749 2041 1813 Vnde
2072 1750 2323 1832 virgam
2353 1750 2623 1813 tenebat
2650 1751 2923 1831 Moyses

506 1837 778 1920 proiecit
807 1858 955 1900 eam
988 1847 1057 1900 et
1102 1836 1275 1900 sacta
1319 1847 1422 1901 est
1468 1858 1755 1921 serpens.
1847 1837 2102 1901 Rursus
2154 1837 2592 1920 apprehendit
2640 1837 2924 1900 caudam

504 1925 872 2008 serpentis:
959 1934 1028 1988 et
1103 1925 1168 1987 in
1242 1924 1426 2007 virge
1517 1933 1822 1987 naturam
1916 1925 2278 1988 reuertitur.
2411 1923 2649 1987 Vides⁶
2723 1924 2926 2006 igitur

506 2012 892 2094 prophetica
921 2012 1135 2094 gratia
1168 2012 1267 2075 bis
1304 2020 1628 2075 mutatam
1661 2032 1807 2074 esse
1841 2022 2145 2074 naturam
2199 2012 2525 2095 serpentis
2577 2021 2645 2075 et
2693 2011 2924 2093 virge?

507 2097 878 2163 Currebant
938 2099 1193 2181 Egypti
1255 2098 1529 2161 flumina
1590 2118 1755 2181 puro
1817 2108 2039 2161 meatu
2116 2118 2484 2181 aquarum:
2557 2098 2781 2161 subito
2841 2097 2925 2160 de

508 2184 790 2249 sontium
822 2186 1010 2249 venis
1040 2187 1311 2267 sanguis
1342 2186 1518 2268 cepit
1546 2205 1909 2268 erumpere,
1955 2205 2076 2248 nec
2126 2194 2270 2248 erat
2319 2195 2516 2269 potus
2566 2186 2632 2248 in
2687 2184 2926 2267 fluuijS.

509 2273 764 2336 Rursus
794 2272 879 2335 ad
913 2272 1234 2373 prophete
1267 2293 1495 2355 preces
1525 2292 1717 2335 cruor
1748 2271 2093 2335 fluminum
2129 2273 2433 2350 cessauit,
2478 2281 2548 2335 et
2599 2291 2923 2352 aquarum

509 2368 745 2422 natura
778 2360 1114 2424 remeauit.
1189 2358 1655 2424 Circunclusus
1679 2358 1971 2441 vndique
1993 2368 2135 2422 erat
2160 2359 2447 2442 populus
2472 2359 2924 2422 Hebreorum.

509 2446 664 2509 hinc
720 2447 874 2529 Egy
878 2445 1037 2529 ptijs
1091 2446 1394 2522 vallatuS,
1443 2445 1597 2509 inde
1661 2447 1825 2509 mari
1886 2446 2254 2511 conclusus,
2345 2447 2623 2529 Virgam
2676 2446 2925 2510 leuauit

514 2533 805 2616 Moyses
867 2533 1203 2617 separauit
1262 2555 1333 2596 se
1388 2554 1578 2616 aqua,
1637 2542 1705 2596 et
1755 2534 1822 2596 in
1876 2533 2043 2596 muri
2076 2534 2366 2616 speciem
2399 2555 2471 2596 se
2503 2532 2925 2617 congelauit.

510 2632 714 2704 atque
768 2622 938 2685 inter
990 2621 1202 2685 vndas
1250 2622 1359 2684 via
1408 2621 1731 2705 pedestris
1778 2622 2103 2704 apparuit.
2216 2621 2518 2685 Iordanis
2570 2640 2926 2685 conuersus

513 2719 870 2772 retrorsum
925 2717 1157 2772 contra
1210 2718 1514 2772 naturam
1584 2708 1650 2771 in
1715 2709 1813 2771 sui
1885 2707 2087 2772 sontis
2149 2710 2499 2772 reuertitur
2555 2707 2926 2772 exordium.

516 2795 760 2860 Nonne
819 2796 1023 2860 claret
1082 2805 1388 2859 naturam
1438 2795 1565 2858 ⁷vel
1620 2795 2101 2859 maritimorum
2151 2795 2500 2859 fluctuum⁷
2546 2796 2650 2859 vel
2697 2815 2926 2858 cursus

513 2881 797 2946 fluuialis
828 2902 999 2964 aque
1044 2903 1189 2946 esse
1243 2887 1623 2946 mutatam?
1715 2882 2001 2946 Sitiebat
2053 2883 2339 2966 populus
2388 2893 2652 2965 patrum
2708 2882 2929 2964 tetigit

518 2969 792 3052 Moyses
825 2979 1080 3053 petram
1113 2980 1226 3033 :et
1257 2989 1432 3051 aqua
1463 2968 1547 3032 de
1601 2979 1788 3053 petra
1840 2969 2052 3033 fluxit.
2146 2969 2465 3052 Nunquid
2522 2991 2656 3033 non
2711 2979 2929 3052 preter

515 3067 820 3121 naturam
854 3067 1127 3140 operata
1158 3066 1260 3120 est
1290 3057 1523 3139 gratia,
1555 3067 1626 3119 vt
1658 3076 1903 3138 aquam
1935 3066 2277 3120 euomeret
2307 3066 2496 3139 petra
2540 3077 2745 3139 quam
2792 3076 2926 3121 non

514 3144 806 3207 habebat
866 3149 1152 3208 natura?
1230 3143 1497 3207 Marath
1559 3143 1799 3207 fluuius
1858 3144 2311 3207 amarissimus
2368 3153 2511 3207 erat
2569 3153 2642 3207 vt
2701 3144 2931 3208 sitiens

518 3231 805 3314 populus
835 3230 1059 3294 bibere
1092 3251 1225 3293 non
1259 3241 1527 3314 posset:
1578 3230 1852 3313 Moyses
1909 3231 2085 3294 misit
2134 3231 2386 3313 lignum
2441 3232 2505 3294 in
2561 3252 2805 3314 aquam
2862 3239 2931 3295 et

518 3317 1027 3381 amaritudinem
1062 3337 1250 3380 suam
1284 3336 1604 3399 aquarum
1642 3326 1882 3380 natura
1912 3316 2223 3400 deposuit
2253 3318 2413 3399 qua⁸
2443 3317 2662 3382 infusa
2706 3318 2929 3382 subito

517 3404 731 3487 gratia
763 3405 1175 3488 temperauit.
1267 3404 1409 3468 Sub
1460 3404 1736 3467 Heliseo
1782 3404 2106 3487 propheta
2150 3406 2261 3467 vni
2307 3426 2395 3468 ex
2445 3404 2595 3486 filijs
2651 3405 2931 3488 prophe·

519 3501 735 3555 tarum
769 3511 1127 3555 excussum
1160 3501 1262 3554 est
1293 3491 1535 3554 serrum
1568 3490 1652 3554 de
1684 3493 1891 3554 securi
1920 3515 1933 3555 ε
1964 3501 2032 3554 et
2063 3491 2288 3554 statim
2324 3493 2707 3556 immersum
2730 3502 2830 3555 est
2861 3492 2930 3557 in

517 3599 761 3661 aquam
794 3601 807 3641 :
840 3579 1102 3662 rogauit
1155 3578 1499 3641 Heliseum
1547 3579 1660 3660 qui
1708 3580 2020 3642 amiserat
2065 3578 2343 3642 serrum:
2390 3580 2569 3644 misit
2619 3579 2931 3643 Heliseus

519 3666 772 3749 lignum
808 3667 874 3728 in
905 3685 1168 3747 aquam,
1219 3675 1288 3729 et
1337 3666 1594 3729 natauit
1626 3665 1885 3729 serrum.
1976 3666 2230 3748 Vtique
2278 3666 2480 3729 etiam
2536 3667 2664 3730 hoc
2717 3674 2934 3750 preter

518 3763 823 3816 naturam
887 3752 1134 3816 sactum
1197 3753 1652 3833 cognouimus.
1743 3752 2024 3816 Grauior
2071 3754 2249 3816 enim
2304 3763 2405 3817 est
2459 3754 2607 3817 ferri
2661 3754 2932 3836 species,

519 3860 722 3922 quam
777 3860 1098 3921 aquarum
1156 3838 1384 3920 liquor.
1478 3839 2101 3903 Animaduertimus
2158 3841 2356 3922 igitur
2415 3841 2735 3904 maiorem
2785 3859 2930 3903 esse

519 3927 802 4010 gratiam
857 3946 1058 4008 quam
1110 3935 1433 3990 naturam.
1528 3927 1616 3989 Et
1670 3926 1886 3990 adhuc
1919 3936 2144 3990 tamen
2193 3928 2576 4011 prophetice
2622 3927 2932 3990 benedic-

524 4014 722 4077 tionis
742 4015 1060 4077 miramur
1083 4015 1367 4097 gratiam
1395 4037 1408 4077 :
1430 4013 1610 4096 quod
1637 4014 1689 4075 si
1711 4024 1973 4077 tantum
1998 4015 2207 4078 valuit
2227 4015 2312 4077 hu
2322 4035 2522 4077 mana
2540 4013 2935 4091 benedicti0,

520 4111 591 4164 vt
623 4110 926 4163 naturam
961 4109 1376 4163 conuerteret
1407 4100 1567 4182 quid
1599 4100 1882 4164 dicimus
1905 4101 1989 4164 de
2022 4101 2166 4184 ipsa
2189 4103 2686 4165 consecratione
2705 4100 2932 4164 diuina

522 4188 634 4251 vbi
669 4188 813 4269 ipsa
831 4187 1034 4250 verba
1065 4187 1317 4250 domini
1350 4187 1699 4251 saluatoris
1731 4194 2138 4271 operantur?
2231 4188 2405 4252 Nam
2442 4199 2932 4252 sacramentum

517 4274 696 4337 istud
730 4274 910 4356 quod
942 4273 1208 4356 accipiS,
1240 4271 1473 4349 Cristi†
1502 4295 1809 4338 sermone
1841 4275 2200 4339 conficitur.

615 4401 760 4453 ¹:de
792 4404 903 4452 add.
932 4402 1012 4467 63.
1040 4402 1120 4454 66.
1353 4401 1376 4433 ²
1407 4412 1621 4453 octaua-z
1657 4403 1736 4453 61.
1767 4404 1846 4462 64.
2233 4404 2255 4433 ³
2288 4405 2342 4464 [l.
2379 4405 2579 4467 14-25.]

615 4466 636 4497 ⁴
669 4468 737 4529 [x.
767 4467 973 4532 25-48.]
1364 4468 1385 4497 ⁶
1418 4468 1702 4519 introissent
1731 4487 1744 4518 ι
1781 4469 1859 4532 63.
2237 4467 2259 4498 ⁶
2292 4469 2517 4519 Vidensz
2557 4468 2634 4533 38.
2666 4468 2815 4520 vide:
2852 4468 2936 4532 63.

613 4531 699 4570 7-
699 4531 845 4584 ⁷0m.
875 4546 953 4597 39.
1357 4531 1379 4564 ⁸
1409 4550 1557 4599 quam
1583 4552 1595 4583 ε
1633 4548 1712 4598 39.
1742 4548 1821 4595 41.
1851 4534 1930 4598 63.
1960 4535 2038 4595 64.
2067 4533 2147 4583 66.
