3293 5225
567 435 658 482 126
1083 434 1313 482 FERJA
1351 434 1426 482 II.
1501 432 2048 481 HEBDOMADAE
2081 432 2446 481 SANCTAE.

1289 635 1355 703 (Ι
1386 627 1512 690 Ad
1534 639 1826 708 vesperas
1856 628 2249 707 Antz'pltona.

694 733 869 796 Erue
901 754 940 796 a
969 732 1217 795 framea
1253 732 1437 795 Deus
1469 735 1762 794 animam
1799 752 2016 793 meam
2049 746 2114 793 et
2148 732 2231 792 de
2266 751 2466 793 manu
2499 732 2681 793 canis
2706 732 2968 794 vnicam

563 841 798 884 meam.

1071 956 1137 1024 (Ι
1172 948 1367 1010 Fert'a
1399 949 1481 1030 .ῃῖ
1513 948 1610 1011 ad
1632 949 2031 1010 matutinum
2066 947 2460 1029 Antzpleona.

694 1054 1076 1116 Extraneus
1137 1053 1350 1115 factus
1424 1072 1572 1114 sum
1637 1052 1947 1115 fratribus
2025 1053 2187 1113 meis
2247 1062 2312 1114 et
2375 1051 2760 1134 peregrinus
2821 1050 2973 1132 filijs

562 1143 789 1204 matris
824 1162 984 1203 mee.

1253 1258 1319 1326 (Ι
1353 1251 1463 1314 Ex
1490 1252 1557 1314 Z
1557 1249 1866 1313 stellaria}
1958 1250 2171 1312 Lectio
2202 1250 2259 1312 .t'.

569 1357 853 1485 Aperi
891 1356 1147 1419 Libane
1194 1368 1417 1438 portas
1464 1367 1612 1418 tuas
1763 1356 1825 1416 in
1876 1355 2079 1416 domo
2126 1355 2378 1416 domini
2427 1357 2510 1416 ad
2559 1357 2971 1419 statuarium.

1123 1562 1189 1630 (Ι
1226 1555 1591 1617 Secundum
1624 1551 1978 1616 Marcum?
2066 1553 2279 1615 Lectio
2309 1575 2393 1634 .y.

576 1660 762 1788 ET
822 1658 1281 1740 crucifigentes
1341 1678 1491 1720 eum
1556 1658 1923 1719 diuiserunt
1967 1657 2364 1719 vestimenta
2427 1657 2565 1720 eius
2629 1658 2969 1720 mittentes

731 1759 977 1809 sortem
1127 1746 1536 1828 aspiciebant
1570 1744 1676 1806 vbi
1711 1755 2076 1826 poneretur.

1121 1887 1187 1955 (Ι
1230 1880 1452 1942 Tertia
1479 1880 1656 1942 lectio
1684 1879 2028 1941 secundum
2060 1878 2411 1941 Ioannem.3

576 1987 704 2114 IN
742 1986 854 2048 illo
886 1996 1204 2068 tempore,
1238 1985 1420 2046 Ante
1453 2004 1573 2046 sex
1607 1982 1750 2045 dies
1800 1984 2042 2066 pasche
2089 1986 2269 2045 venit
2322 1984 2504 2045 Iesus
2555 1984 2969 2060 Bethaniam,

698 2072 805 2136 vbi
870 2073 1078 2135 fuerat
1143 2072 1432 2134 Lazarus
1495 2082 1834 2133 mortuus:
1895 2090 2093 2151 quem
2157 2073 2498 2132 suscitauit
2565 2072 2765 2134 Iesus,
2880 2072 2969 2134 Et

557 2162 824 2243 reliqua.

1124 2288 1205 2349 H
1201 2284 1463 2360 omelia†
1492 2286 1705 2348 sancti
1730 2286 2104 2366 Augustini
2128 2286 2404 2367 episcopi.

574 2393 785 2523 NE
849 2402 1158 2474 putarent
1204 2391 1506 2452 homines
1567 2389 1897 2451 fantasma
1944 2409 2088 2451 esse
2136 2389 2422 2452 facturn:
2469 2390 2625 2471 quia
2673 2401 2969 2453 mortuus

757 2481 1128 2552 resurrexit,
1175 2477 1428 2539 lazarus
1475 2498 1641 2538 vnus
1691 2487 1831 2539 erat
1878 2498 1964 2538 ex
2014 2477 2564 2540 recumbentibus,
2657 2478 2968 2553 Videbat,

564 2567 957 2649 loquebatur
1015 2565 1406 2648 epulabatur
1466 2565 1707 2627 veritas
1768 2565 2292 2628 ostendebatur:
2355 2563 2710 2628 infidelitas
2778 2566 2968 2629 Iude-

561 2675 749 2718 orum
799 2653 1339 2717 confundebatur.
1464 2652 1947 2714 Discumbebat
1979 2673 2138 2733 ergo
2170 2653 2479 2714 dominus
2527 2673 2677 2714 cum
2716 2654 2969 2716 Lazaro

558 2756 624 2806 et
673 2743 923 2818 ceteri5‚
970 2741 1387 2802 ministrabat
1438 2740 1705 2801 Martha
1753 2759 1884 2801 vna
1928 2759 2016 2800 ex
2065 2740 2396 2801 sororibus
2447 2741 2697 2810 Lazari,
2754 2741 2968 2803 Maria

561 2831 765 2892 altera
841 2849 1026 2891 soror
1104 2830 1333 2889 Lazari
1410 2826 1669 2909 accepit
1745 2825 2008 2888 libram*
2066 2828 2383 2907 vnguenti
2464 2828 2650 2888 nardi
2728 2827 2967 2909 p1stici⁵

558 2918 871 3000 preciosi:
919 2926 986 2978 et
1018 2916 1210 2976 vnxit
1236 2915 1436 2996 pedes
1474 2914 1620 2975 Iesu
1656 2923 1722 2975 et
1765 2914 2039 2975 extersit
2085 2913 2338 2996 capillis
2383 2916 2516 2975 suis
2564 2916 2765 2995 pedes
2810 2917 2966 2990 eius,

558 3017 625 3067 et
673 3004 911 3066 domus
958 3002 1228 3084 impleta
1273 3012 1374 3063 est
1424 3022 1511 3062 ex
1560 3003 1764 3063 odore
1808 3002 2147 3082 vnguenti.
2244 3002 2521 3062 Factum
2573 3003 2967 3077 audiuimus,

561 3093 969 3172 requiramus
1016 3090 1421 3170 mysterium.
1513 3086 1927 3168 Quecunque
1972 3090 2195 3149 anima
2242 3088 2453 3149 fidelis
2484 3090 2582 3150 vis
2627 3109 2770 3150 esse
2815 3110 2964 3150 cum

564 3180 794 3253 Maria,
824 3197 998 3257 vnge
1030 3176 1231 3258 pedes
1262 3175 1513 3236 domini
1552 3176 1856 3256 precioso
1888 3185 2240 3255 vnguento.
2333 3175 2770 3257 Vnguentum
2807 3176 2965 3238 illud

562 3266 809 3327 iustitia
870 3264 1028 3326 fuit:
1104 3262 1254 3324 ideo
1315 3261 1477 3323 libra
1511 3261 1653 3323 fuit.
1777 3262 1938 3323 Erat
2016 3272 2235 3323 autern
2300 3273 2709 3344 vnguentum
2780 3262 2964 3325 nardi

562 3350 799 3435 pistici⁰
876 3350 1166 3433 preciosi.
1288 3347 1487 3430 Quod
1566 3350 1658 3410 ait
1734 3346 1973 3430 pistici⁷
2054 3350 2268 3410 locum
2332 3350 2622 3430 aliquem
2699 3350 2961 3412 credere

562 3441 881 3501 debemus
914 3436 1087 3499 vnde
1122 3436 1243 3497 hoc
1291 3447 1430 3497 erat
1462 3447 1876 3515 vnguentum
1927 3436 2313 3516 preciosum.
2408 3436 2466 3497 N
2476 3457 2548 3497 ec
2582 3447 2805 3498 tamen
2840 3440 2963 3498 hoc

559 3537 769 3601 vacat,
828 3536 895 3587 et
955 3534 1388 3597 sacrament0‚
1450 3523 1702 3603 optime
1763 3532 2101 3586 consonat.
2227 3523 2416 3585 Pistis
2490 3544 2702 3604 grece,
2763 3525 2966 3586 latine

556 3613 796 3675 dicitur
828 3611 1007 3674 fides,
1100 3609 1442 3692 Querebas
1489 3610 1739 3690 operari
1790 3609 2125 3685 iustitiam,
2173 3610 2382 3671 iustus
2428 3621 2650 3672 autem
2700 3630 2786 3671 ex
2836 3610 2965 3673 fide

555 3701 736 3761 viuit.
829 3699 1026 3778 Vnge
1059 3696 1287 3780 pedes8
1324 3697 1472 3757 Iesu
1499 3702 1662 3757 bene
1695 3696 1998 3769 viuend0‚
2034 3697 2368 3758 dominica
2398 3709 2650 3758 sectare
2682 3700 2961 3779 vestigia

556 3786 832 3868 Capillis
863 3796 1046 3864 terge
1077 3809 1089 3846 ε
1123 3786 1174 3846 si
1212 3785 1414 3844 habes
1447 3781 1777 3863 superflua
1808 3782 1895 3844 da
1929 3783 2343 3865 pauperibuS,
2374 3795 2440 3846 et
2473 3784 2724 3846 domini
2759 3805 2962 3866 penes

559 3874 815 3936 tersisti.
909 3872 1147 3955 Capilli
1180 3871 1356 3932 enirn
1407 3869 1738 3951 superflua
1784 3871 2075 3951 corporis
2120 3871 2427 3932 videntur
2472 3891 2633 3935 esse.
2729 3871 2959 3933 Habes

556 3962 732 4041 quod
797 3979 957 4040 agas
1003 3958 1088 4021 de
1133 3956 1478 4040 superfluis
1525 3958 1694 4018 tuis:
1758 3955 1876 4019 tibi
1938 3956 2266 4039 superflua
2329 3969 2483 4020 sunt
2543 3957 2658 4020 sed
2706 3958 2960 4021 domini

554 4045 860 4131 pedibus⁹
891 4046 1257 4109 necessaria
1289 4041 1512 4107 sunt.¹⁰

653 4175 668 4205 ¹
705 4175 793 4224 Ca.
830 4187 881 4223 11
911 4175 967 4221 in
994 4190 1056 4222 m.
1087 4173 1173 4233 [xi.
1209 4173 1374 4234 1—13.]
2117 4170 2139 4201 2
2172 4172 2271 4232 [xv.
2304 4175 2505 4234 24—47.]

650 4240 670 4269 ³
704 4240 791 4290 Ca.
828 4253 885 4288 12
910 4241 967 4286 in
993 4256 1055 4287 m.
2116 4236 2138 4266 ⁴
2170 4237 2343 4286 nardi:
2379 4241 2489 4287 add.
2514 4239 2591 4287 61.

652 4304 671 4333 ⁶
705 4305 911 4369 pistice:
954 4317 1031 4366 39.
1072 4317 1150 4363 4¹·
1180 4316 1258 4366 43.
1289 4317 1367 4363 44.
1398 4316 1476 4364 49.
1506 4301 1585 4351 60.
1614 4301 1693 4351 61.
1724 4302 1801 4363 64.

650 4369 672 4399 ⁶
706 4369 910 4434 pistice:
961 4382 1037 4432 39.
1078 4380 1157 4428 41.
1186 4381 1264 4430 43.
1294 4382 1372 4429 44
1402 4380 1480 4429 49.
1509 4368 1589 4416 60.
1619 4368 1697 4416 61.
1728 4368 1805 4429 64.
1879 4367 2076 4432 pistigi:
2114 4367 2191 4416 66.

651 4435 671 4466 ⁷
705 4436 908 4500 pistice:
946 4447 1022 4497 39.
1053 4446 1131 4494 41.
1161 4446 1239 4496 43.
1269 4445 1347 4494 49.
1377 4441 1455 4482 60.
1484 4433 1563 4483 61.
1593 4434 1672 4495 64.
2115 4432 2136 4462 ὅ
2169 4434 2328 4496 pede:
2364 4433 2442 4483 66.

648 4498 669 4530 ⁹
701 4500 909 4550 diebus:
946 4500 1023 4549 66.
2107 4496 2147 4527 ¹⁰
2182 4498 2432 4548 Miserere.
2465 4511 2541 4563 50.
2570 4502 2680 4549 add.
2710 4500 2788 4564 63.
