3293 5225
531 443 629 492 290
1108 429 1402 479 OCTAVA
1438 429 1543 478 NA
1559 427 1945 479 TIVITATIS
1975 431 2029 480 S.
2069 430 2401 481 JOANNJS.
2675 433 2826 494 [IUN.
2858 441 2944 496 25.

528 583 816 646 sterilem
873 592 1098 646 tamen
1192 583 1430 663 Itaque
1479 583 1610 645 iam
1664 583 1866 646 ambo
1896 604 2089 647 senes
2120 585 2185 648 in
2206 585 2491 649 orbitate
2514 606 2664 649 cum
2691 606 2946 668 magno

530 669 813 732 filiorum
905 669 1258 750 desyderio
1345 668 1683 751 degebant
1776 669 1908 734 Sed
1985 692 2136 734 cum
2215 672 2570 736 Zacharias
2641 682 2947 756 tempore

537 756 829 820 Herodis
865 757 1069 820 Iudee
1101 757 1273 836 regis
1303 755 1629 839 templum
1665 757 1998 837 ingressus
2029 760 2115 821 ad
2159 759 2662 824 sacrificandum
2714 761 2939 822 incen-

532 864 678 906 sum
691 853 1078 927 apponeret,
1099 845 1408 926 apparuit
1428 844 1486 906 ei
1508 843 1788 923 angelus
1808 844 1892 907 ad
1915 845 2265 909 dexteram
2288 847 2512 910 altaris
2522 846 2943 928 turbatoque,

531 940 598 994 et
659 931 921 994 timenti
986 933 1096 994 ait.
1222 930 1325 993 Ne
1385 932 1624 993 timeas
1686 931 2007 995 Zacharia
2068 934 2383 1013 quoniam
2445 934 2765 998 exaudita
2834 946 2940 997 est

534 1017 917 1101 deprecatio
942 1028 1076 1094 tua,
1100 1038 1272 1080 vxor
1297 1016 1644 1081 Elisabeth
1670 1019 1882 1100 pariet
1906 1019 2026 1082 tibi
2054 1019 2283 1096 filium,
2307 1030 2374 1084 et
2398 1021 2666 1084 vocabis
2691 1042 2937 1084 nomen

536 1106 676 1167 eius
731 1105 1071 1168 Ioannem.
1165 1104 1306 1166 Nec
1360 1105 1575 1167 solum
1631 1105 1917 1182 voS,sed
1969 1106 2160 1170 multi
2222 1116 2523 1189 preterea
2582 1108 2669 1171 ob
2730 1109 2938 1192 ipsius

535 1202 753 1255 ortum
787 1191 1175 1273 gaudebunt
1206 1214 1220 1253 ε
1252 1192 1375 1253 erit
1421 1192 1598 1254 enim
1654 1212 1937 1275 magnus
1985 1211 2209 1257 coram
2260 1194 2538 1258 domino
2590 1196 2818 1258 vinum
2868 1206 2939 1260 et

530 1281 805 1342 siceram
833 1299 965 1342 non
993 1278 1192 1351 bibet,
1217 1289 1282 1341 et
1305 1277 1554 1361 Spiritu
1582 1291 1816 1343 sancto
1840 1280 2197 1363 replebitur
2219 1281 2285 1345 in
2311 1292 2498 1346 vtero
2531 1283 2676 1365 ipso
2709 1284 2945 1345 matris

530 1386 664 1443 sue,
716 1375 783 1428 et
834 1365 1078 1429 multos
1120 1365 1403 1428 filiorum
1465 1366 1666 1428 Israel
1719 1367 1803 1428 ad
1854 1367 2201 1430 dominum
2256 1379 2634 1433 conuertet:
2682 1378 2750 1432 et
2797 1370 2942 1452 ipse

528 1453 840 1534 precedet
900 1452 1103 1515 illum.
1198 1452 1572 1534 Respondit
1635 1454 2007 1518 Zacharias
2096 1455 2298 1518 Vnde
2349 1456 2475 1519 hoc
2536 1456 2759 1533 sciam,
2822 1457 2939 1538 qui

527 1560 734 1603 senex
767 1560 934 1615 sum,
964 1549 1031 1603 et
1060 1559 1338 1602 vxorem
1396 1540 1609 1602 habeo
1659 1546 1934 1604 senem?
2026 1542 2441 1625 Et'angelus
2488 1563 2616 1626 ego
2664 1543 2944 1624 (inquit)

529 1648 675 1690 sum
711 1626 996 1702 Gabriel,
1029 1626 1287 1702 missuS,
1341 1635 1410 1688 vt
1462 1626 1585 1689 hec
1638 1627 1759 1690 tibi
1810 1630 2229 1692 nuntiarem:
2278 1640 2344 1694 et
2395 1631 2550 1711 quia
2584 1630 2743 1693 mihi
2800 1650 2935 1692 non

527 1713 881 1789 credidisti,
914 1724 1137 1776 mutus
1170 1713 1297 1775 eris
1328 1713 1559 1788 donee,
1590 1733 1720 1794 que
1754 1717 2062 1779 nunciaui
2097 1716 2276 1780 fiant.
2370 1717 2693 1797 Egressus
2739 1718 2940 1799 igitur

528 1801 885 1863 Zacharias
903 1800 986 1862 ad
1011 1800 1273 1883 plebem
1306 1809 1499 1863 extra
1531 1801 1857 1884 templum
1890 1812 2380 1886 expectantem,
2409 1814 2477 1867 et
2510 1825 2763 1868 moram
2795 1806 2940 1867 eius
3008 1861 3013 1866 .

527 1889 991 1963 admirantem,
1052 1887 1231 1968 loqui
1310 1907 1440 1948 non
1520 1899 1816 1970 poterat:
1890 1909 2024 1970 quo
2097 1893 2440 1973 cognitum
2516 1892 2639 1954 fuit
2715 1893 2932 1974 ipsum

527 1975 848 2038 visionem
881 1974 1138 2037 vidisse.
1230 1974 1400 2038 Cum
1437 1975 1635 2055 igitur
1666 1978 1947 2058 peractis
2001 1975 2195 2058 officij
2255 1978 2487 2040 diebus
2534 1980 2599 2041 in
2655 1981 2933 2041 domum

525 2082 714 2125 suam
767 2060 1084 2142 redijsset‚
1132 2063 1439 2144 concepit
1495 2061 1839 2125 Elisabeth
1872 2065 2052 2145 quod
2086 2075 2283 2127 sexto
2314 2075 2465 2148 post
2498 2086 2723 2128 mense
2754 2064 2934 2128 idem

524 2149 801 2231 angelus
862 2148 1203 2211 nunciauit
1261 2148 1472 2210 Marie
1520 2147 1765 2213 dicens,
1858 2151 2034 2213 Ecce
2085 2151 2431 2216 Elisabeth
2485 2163 2770 2233 cognata
2819 2162 2938 2215 tua

522 2236 830 2319 concepit
883 2235 1088 2298 filium
1143 2236 1207 2297 in
1264 2245 1617 2311 senectute,
1676 2236 1909 2318 Itaque
1962 2238 2307 2301 Elisabeth
2357 2240 2592 2302 videns
2647 2240 2932 2302 Mariam

523 2321 855 2385 salutandi
888 2343 975 2396 se,
1008 2321 1394 2402 visendique
1443 2324 1658 2404 gratia
1707 2322 1983 2387 domum
2036 2326 2238 2408 ipsius
2279 2325 2661 2408 ingressam,
2710 2326 2938 2389 excla-

525 2412 753 2487 mauit,
793 2408 1190 2472 Benedictus
1223 2408 1472 2472 fructus
1503 2411 1751 2473 ventris
1781 2412 1876 2473 tui
1912 2411 2002 2475 Et
2050 2411 2231 2488 illud,
2286 2413 2639 2476 Exultauit
2687 2414 2939 2495 gaudio

524 2497 741 2559 infans
772 2498 837 2559 in
872 2508 1056 2559 vtero
1112 2516 1279 2560 me0.
1357 2495 1527 2560 Cum
1582 2507 1809 2560 autem
1860 2499 2239 2581 peperisset,
2292 2509 2360 2563 et
2413 2510 2655 2562 octauo
2709 2500 2814 2562 die
2851 2501 2936 2562 de

523 2586 794 2648 nomine
833 2586 971 2647 nati
1004 2582 1517 2647 consultaretur:
1550 2583 1904 2648 Zacharias
1929 2587 2560 2669 interrogatu3,cum
2588 2586 2767 2669 loqui
2801 2607 2934 2650 non

525 2681 770 2755 posset,
824 2672 1099 2753 scripsit,
1154 2671 1438 2733 Ioannes
1487 2682 1589 2734 est
1638 2691 1882 2735 nomen
1938 2674 2095 2737 eiuS.
2188 2674 2278 2736 Et
2324 2686 2477 2756 post
2525 2674 2647 2737 hec
2701 2695 2934 2737 vocem

525 2761 790 2842 recepit,
822 2778 953 2839 qua
984 2758 1261 2821 domino
1293 2759 1591 2839 quotidie
1621 2760 1869 2841 gratias
1901 2761 2160 2843 agebat.

1480 2876 1547 2946 (Ι
1587 2870 1718 2957 Ad
1739 2871 1979 2936 laudes.

656 2984 717 3045 A
728 2982 1051 3063 ntzpltona.
1144 2982 1478 3046 Dominus
1510 2982 1596 3044 ab
1628 2993 1815 3046 vtero
1847 2986 2112 3048 vocauit
2155 3006 2280 3061 me,
2312 2987 2397 3048 de
2427 2996 2657 3049 ventre
2709 2987 2939 3049 matris

529 3090 675 3133 mee
707 3069 1090 3133 recordatus
1119 3080 1220 3132 est
1253 3070 1540 3131 nominis
1574 3071 1722 3132 mei.

1442 3202 1509 3272 (Ι
1555 3197 1616 3258 Α
1626 3197 1680 3259 α’
1709 3210 2020 3279 vesperas,

661 3308 984 3387 Hymnus.
1074 3308 1172 3371 Vt
1204 3318 1453 3389 queant
1485 3308 1701 3373 laxis,1

657 3396 720 3458 A
732 3395 1055 3475 ntz’plzona.
1107 3396 1277 3465 Puer
1307 3395 1419 3476 qui
1455 3395 1676 3458 natus2
1706 3407 1806 3459 est
1838 3397 2031 3460 nobis
2062 3397 2416 3481 plusquam
2452 3400 2776 3483 propheta
2820 3409 2945 3465 est.

536 3483 667 3545 Hic
699 3492 800 3545 est
832 3483 1007 3544 enim
1060 3483 1143 3543 de
1197 3502 1330 3563 quo
1381 3482 1674 3546 saluator
1714 3485 1823 3546 ait.
1923 3485 2106 3548 Inter
2154 3497 2347 3549 natos
2399 3487 2746 3551 mulierum
2802 3508 2939 3550 non

530 3571 818 3633 surrexit
852 3570 1062 3632 maior
1099 3569 1350 3631 Ioanne
1385 3569 1706 3650 Baptista.

1051 3711 1118 3781 (Ι
1164 3706 1294 3768 Die
1336 3720 1453 3785 .25.
1485 3707 1563 3769 de
1589 3716 1815 3770 octaua
1850 3708 2088 3772 Sancti
2112 3709 2395 3774 Ioannis.

852 3819 1072 3882 Tertia
1102 3819 1325 3881 lecti0.³
1417 3818 1648 3883 Sermo
1676 3822 1890 3883 sancti
1916 3822 1977 3884 A
1987 3823 2292 3904 agustini
2316 3825 2622 3906 episcopal*

654 3930 781 3996 Ost
814 3931 997 3993 illum
1033 3942 1527 3994 sacrosanctum
1562 3931 1818 3996 domini
1854 3934 2096 3997 natalis
2127 3936 2304 3999 diem
2361 3936 2603 3999 nullius
2649 3935 2944 4000 hominis

738 4019 1158 4081 natiuitatem
1194 4018 1475 4100 legimus
1507 4019 1823 4083 celebrari
1858 4023 1980 4084 nisi
2030 4022 2242 4086 solam
2296 4024 2565 4086 Ioannis
2621 4023 2941 4104 Baptiste.

536 4106 612 4168 In
646 4104 794 4188 alijs
825 4106 1071 4168 sanctis
1102 4114 1168 4166 et
1201 4106 1424 4168 electis
1461 4105 1588 4169 Dei
1623 4109 1932 4170 nouimus
1965 4108 2147 4171 illum
2204 4109 2380 4173 diem
2431 4110 2557 4173 coli
2610 4130 2744 4192 quo
2793 4110 2945 4173 illos

530 4201 681 4275 post
734 4194 1381 4255 consummationem
1437 4192 1760 4270 laborum,
1818 4205 1886 4257 et
1935 4194 2274 4260 deuictum
2324 4197 2946 4280 triumphatumque

531 4281 875 4352 mundum,
909 4279 974 4342 in
1009 4289 1364 4361 perpetuas
1387 4283 1775 4344 eternitates
1807 4303 2077 4364 presens
2109 4283 2230 4347 hec
2262 4284 2400 4347 vita
2437 4283 2764 4367 parturijt.
2863 4285 2942 4348 In

620 4426 642 4523 Ξ
672 4429 1084 4556 ἴὶιεαέζαζιαάιί.
1117 4440 1193 4491 39.
1222 4441 1302 4489 41.
1374 4428 1445 4493 [p.
1476 4427 1616 4490 289.]
1747 4426 1769 4459 ²
1802 4438 1979 4480 notus:
2017 4429 2095 4494 38.
2235 4430 2257 4462 ³
2288 4432 2372 4482 die
2399 4442 2476 4495 25.
2507 4433 2564 4482 in
2589 4449 2655 4483 m.
2682 4450 2696 4483 :
2730 4448 2825 4483 om.
2857 4432 2937 4498 38.
