3293 5225
699 505 926 553 FERJA
961 505 1037 552 II.
1079 504 1371 554 DOMINI
1371 506 1518 555 CAE
1551 507 1651 555 IX.
1693 507 1888 556 POST
1912 507 2074 556 PEN
2077 508 2126 555 T
2118 508 2172 556 E
2179 508 2310 557 COS
2317 508 2365 555 T
2357 506 2480 556 EN.
2691 518 2786 567 2⁰3

956 705 1023 774 (Ι
1064 700 1125 762 T
1118 698 1307 762 ertial
1339 701 1515 763 lectio
1541 702 1886 765 secundum
1917 699 2207 766 Lucam.‘-‘

391 801 524 929 IN
560 802 672 866 illo
703 813 1002 886 tempore
1038 828 1051 867 ε
1085 803 1257 869 Cum
1291 806 1855 888 appropinquaret
1894 807 2075 868 Iesus
2110 806 2469 868 Ierusalem
2508 829 2522 869 :
2552 805 2785 868 videns

486 890 822 954 ciuitatem
857 891 1037 954 fleuit
1068 912 1266 974 super
1296 891 1475 955 illam
1508 894 1737 956 dicens
1773 918 1786 955 :
1821 893 1997 976 Quia
2028 894 2082 955 si
2113 895 2541 973 cognouisses
2586 901 2655 956 et
2697 901 2790 966 tu,

379 985 446 1038 et
494 976 763 1058 quidem
818 978 884 1041 in
938 977 1061 1040 hac
1115 980 1222 1042 die
1282 988 1397 1042 tua
1447 1004 1461 1042 :
1507 1002 1638 1062 que
1700 981 1784 1043 ad
1847 1001 2081 1062 pacem
2145 981 2261 1043 tibi
2327 1000 2500 1043 nunc
2560 990 2784 1042 autem

375 1063 765 1128 abscondita
795 1075 951 1128 sunt
980 1066 1067 1129 ab
1096 1066 1303 1129 oculis
1335 1067 1481 1131 tuis,
1572 1068 1665 1130 Et
1697 1068 1962 1149 reliqua.

997 1199 1064 1268 (Ι
1096 1193 1172 1255 H
1170 1194 1399 1256 omelia
1427 1196 1641 1258 sancti
1672 1195 2168 1277 Gregorszape.

506 1298 856 1362 Eetionem
891 1300 1103 1363 sancti
1134 1300 1461 1383 euangelij
1499 1300 1729 1364 fratres
1761 1300 2124 1363 charissimi
2157 1300 2338 1362 breui
2369 1299 2451 1381 (si
2487 1297 2789 1381 possum)

534 1386 686 1449 volo
710 1407 1017 1450 sermone
1048 1408 1439 1471 percurrere,
1462 1398 1533 1450 vt
1565 1388 1692 1450 illis
1725 1389 1790 1450 in
1825 1408 1903 1450 ea
1935 1387 2255 1470 prolixior
2285 1386 2481 1448 detur
2505 1386 2786 1449 intentio

376 1471 491 1551 qui
542 1475 758 1537 sciunt
803 1495 891 1538 ex
928 1475 1155 1557 paucis
1187 1474 1395 1537 multa
1427 1476 1738 1558 cogitare.
1847 1474 2045 1556 Quod
2113 1475 2310 1538 flente
2355 1473 2631 1536 domino
2677 1471 2787 1534 illa

381 1558 936 1642 lerosolymorum
998 1562 1341 1625 subuersio
1372 1561 1893 1624 describebatur³
1940 1585 1953 1624 z
2005 1563 2116 1642 qui
2172 1583 2210 1623 a
2262 1562 2673 1643 Vespasiano
2718 1569 2787 1621 et

377 1644 534 1709 Tito
613 1650 935 1711 Romanis
1026 1648 1429 1731 principibus
1521 1649 1694 1712 facta
1777 1659 1878 1711 est
1956 1648 2174 1711 nullus
2251 1649 2363 1729 qui
2440 1647 2783 1710 historiam

374 1736 733 1798 euersionis
806 1736 1100 1798 eiusdem
1180 1738 1339 1819 legit
1414 1738 1675 1816 ignorat
1769 1737 2057 1799 Romani
2132 1737 2379 1799 etenim
2457 1735 2786 1816 principes

374 1820 805 1903 designantur
836 1843 987 1885 cum
1019 1825 1274 1887 dicitur.
1366 1823 1543 1906 Quia
1573 1825 1843 1885 venient
1888 1825 2029 1886 dies
2077 1824 2140 1884 in
2190 1834 2255 1885 te
2287 1846 2301 1884 :
2332 1832 2399 1885 et
2445 1820 2787 1884 circunda-

376 1906 541 1970 bunt
573 1919 639 1972 te
672 1910 917 1972 inimici
949 1911 1044 1973 tui
1077 1911 1251 1974 vallo
1288 1935 1301 1974 ε
1332 1922 1400 1974 et
1431 1910 1912 1974 circundabunt
1944 1921 2010 1972 te
2041 1924 2107 1972 et
2138 1910 2674 1989 coangustabunt
2722 1916 2788 1969 te

377 1993 668 2077 vndique
694 2007 790 2060 :et
819 1997 904 2059 ad
930 2007 1171 2061 terram
1196 2008 1614 2080 prosternent
1649 2014 1751 2060 te:
1786 2009 1853 2060 et
1885 1997 2055 2059 filios
2089 2007 2237 2061 tuos
2268 1998 2381 2077 qui
2415 1998 2480 2058 in
2515 2007 2579 2058 te
2612 2009 2786 2057 sunt.

385 2080 537 2145 Hoc
570 2103 837 2166 quoque
867 2085 1048 2167 quod
1089 2087 1357 2148 additur
1388 2105 1560 2147 :non
1610 2084 2008 2166 relinquent⁴
2041 2085 2103 2146 in
2141 2095 2206 2146 te
2254 2084 2541 2166 lapidem
2590 2103 2788 2164 super

379 2167 698 2251 lapidem⁵
735 2174 981 2234 :etiam
1044 2172 1189 2255 ipsa
1229 2173 1525 2235 eiusdem
1570 2172 1860 2235 ciuitatis
1926 2171 2426 2251 transmigratio
2484 2179 2782 2233 testatur.

372 2254 549 2337 Quia
597 2258 758 2321 dum
810 2260 875 2321 in
930 2278 1010 2321 eo
1060 2260 1205 2321 loco
1259 2280 1433 2322 nunc
1480 2268 1859 2321 constructa
1918 2267 2064 2321 est:
2097 2260 2206 2320 vbi
2268 2268 2462 2320 extra
2523 2266 2784 2340 portam

371 2342 681 2408 dominus
712 2345 924 2410 fuerat
943 2346 1298 2408 crucifixus
1323 2345 1630 2429 priorilla
1667 2345 2026 2408 Ierusalem
2058 2345 2159 2427 (vt
2190 2344 2458 2424 dicitur)
2491 2343 2788 2407 funditus

371 2440 472 2492 est
492 2451 722 2495 euersa
748 2456 760 2495 :
786 2434 889 2495 cui
914 2434 1113 2495 etiam
1142 2454 1229 2496 ex
1257 2454 1391 2515 qua
1411 2434 1608 2515 culpa
1631 2433 1993 2495 euersionis
2019 2453 2135 2495 sue
2167 2452 2340 2513 pena
2375 2431 2569 2493 fuerit
2601 2431 2786 2493 illata

372 2517 792 2600 subiungitur
836 2540 848 2578 :
900 2541 980 2582 eo
1028 2521 1208 2603 quod
1257 2541 1388 2583 non
1437 2517 1857 2602 cognoueris⁶
1902 2530 2169 2602 tempus
2215 2519 2610 2580 visitationis
2657 2528 2785 2581 tue.

375 2602 650 2671 Creator
696 2608 944 2691 quippe
973 2609 1273 2671 omniurn
1310 2630 1427 2690 per
1479 2607 1953 2670 incarnationis
1991 2604 2132 2669 sue7
2179 2606 2567 2687 mysterium
2615 2606 2785 2668 hanc

373 2693 639 2756 visitare
670 2697 987 2777 dignatus
1018 2706 1119 2758 est
1157 2720 1169 2758 :
1204 2696 1320 2758 sed
1357 2698 1498 2777 ipsa
1530 2696 1784 2757 timoris
1815 2709 1883 2757 et
1929 2697 2174 2757 amoris
2221 2695 2395 2756 illius
2443 2693 2786 2756 recordata

373 2799 505 2842 non
560 2793 677 2845 est.
794 2782 994 2844 Vnde
1043 2785 1244 2845 etiam
1301 2803 1418 2864 per
1468 2783 1865 2864 prophetam
1930 2783 1993 2844 in
2060 2782 2511 2863 increpatione
2570 2781 2788 2842 cordis

374 2867 645 2931 humani
709 2890 866 2932 aues
928 2870 1049 2932 celi
1111 2869 1196 2931 ad
1259 2870 1714 2932 testimonium
1778 2870 2214 2943 deducuntur,
2275 2867 2434 2930 dum
2498 2869 2788 2930 dicitur:

378 2954 627 3019 Miluus
675 2958 739 3019 in
788 2956 930 3019 celo
977 2958 1292 3039 cognouit
1338 2967 1606 3039 tempus
1652 2976 1845 3019 suurn
1899 2980 1911 3017 ε
1976 2965 2190 3018 turtur
2249 2964 2315 3016 et
2377 2954 2661 3017 hirundo
2718 2963 2787 3016 et

373 3042 627 3106 ciconia
702 3043 1159 3107 custodierunt
1233 3054 1497 3125 tempus
1575 3045 1908 3106 aduentus
1996 3043 2095 3104 sui
2190 3041 2471 3124 populus
2560 3053 2785 3104 autem

371 3148 556 3193 meus
590 3152 721 3193 non
755 3133 1073 3214 cognouit
1105 3131 1420 3193 iudicium
1454 3128 1753 3193 domini.⁸

1459 3258 1705 3322 Oratio.

385 3363 748 3491 PAteant
779 3385 967 3427 aures
995 3364 1437 3426 misericordie
1463 3376 1575 3425 tue
1601 3364 1872 3425 domine
1899 3364 2202 3443 precibus
2227 3361 2747 3443 supplicantium
2775 3384 2787 3422 :

519 3462 586 3513 et
616 3450 714 3513 vt⁹
745 3451 1123 3533 petentibus
1170 3451 1543 3514 desiderata
1588 3453 1934 3525 concedaS,
1967 3452 2068 3513 fac
2115 3469 2248 3524 eOS,
2293 3468 2423 3530 que
2471 3447 2589 3510 tibi
2636 3457 2791 3510 sunt

367 3536 609 3619 placita
640 3539 975 3620 postulare
1010 3562 1023 3601 :
1056 3559 1186 3621 per.

661 3672 728 3741 (Ι
758 3667 957 3728 Feria
989 3667 1072 3747 ‚ist
1162 3665 1275 3728 Ex
1303 3666 1359 3729 .i.
1392 3662 1608 3727 libro¹⁰
1637 3662 1962 3746 Κιζξῑνιηι.11
2055 3663 2266 3726 Lectio
2285 3663 2529 3744 prima.

388 3769 756 3898 FActum
832 3780 934 3833 est
1006 3780 1251 3845 autem,
1312 3789 1463 3869 cum
1543 3770 1656 3831 illa
1734 3769 2201 3869 multiplicaret
2279 3788 2504 3849 preces
2566 3787 2788 3829 coram

532 3859 807 3920 domino
958 3871 1278 3920 venerunt
1311 3876 1373 3918 ιη
1408 3856 1685 3919 domum
1720 3876 1907 3918 suam
1942 3876 2008 3918 in
2034 3856 2399 3918 *Ramatha.

886 3991 953 4060 (Ι
988 3985 1355 4048 Secundum
1386 3982 1831 4047 Mammam
1920 3983 2131 4045 Lectio
2163 3984 2247 4063 ‚zj

376 4090 634 4223 CVm
711 4111 871 4172 ergo
947 4106 1142 4153 natus
1218 4099 1393 4152 esset
1474 4089 1658 4151 lesus
1735 4090 1800 4150 in
1882 4085 2399 4151 Bethlehem
2454 4085 2790 4167 Quoniam

534 4177 874 4240 Nazareus
905 4176 1267 4239 vocabitur.

466 4304 484 4335 ¹
520 4306 599 4369 ij:
631 4319 711 4365 44.
1152 4324 1157 4329 ¹
1379 4299 1402 4331 ²
1435 4303 1524 4352 Ca.
1561 4315 1619 4363 19
1643 4303 1700 4350 in
1724 4318 1790 4349 m.
2176 4298 2198 4329 ³
2229 4299 2568 4349 describatur:
2607 4311 2670 4360 39
2693 4305 2787 4347 etc.

465 4369 486 4400 ⁴
518 4370 605 4419 in:
640 4372 751 4419 add.
783 4382 860 4432 39.
889 4378 983 4419 etc.
1380 4365 1402 4395 ³
1434 4377 1516 4416 et:
1553 4368 1665 4416 add.
1695 4366 1776 4415 61.
1804 4366 1885 4427 64.
2173 4362 2195 4394 ⁶
2227 4364 2548 4429 cognouerit:
2575 4362 2654 4413 66.

524 4444 656 4485 tuae:
696 4435 776 4484 61.
1385 4430 1406 4462 ⁸
1440 4433 1516 4481 Te
1538 4432 1723 4481 deum:
1760 4434 1873 4481 add.
1902 4431 1982 4493 63.
2171 4428 2191 4459 ⁹
2223 4447 2316 4479 om.
2344 4442 2425 4492 43.

446 4498 487 4531 ¹⁰
519 4501 678 4549 libro:
711 4518 805 4550 om.
837 4499 916 4564 38.
947 4513 1025 4563 39.
1054 4512 1135 4561 4¹·
1208 4499 1338 4547 libro
1362 4498 1524 4563 primo
1547 4515 1559 4548 z
1583 4511 1665 4559 49.
1694 4496 1774 4546 61.
1803 4496 1883 4572 64.

442 4564 480 4597 ¹¹
520 4566 576 4627 [i.
611 4578 783 4628 12-19.
1384 4560 1423 4593 ¹²
1456 4563 1546 4613 Ca.
1575 4577 1604 4611 2
1629 4564 1686 4610 in
1711 4579 1777 4610 m.
1805 4562 1876 4623 [li.
1913 4562 2080 4623 1-23.]
