3293 5225
411 417 572 467 SEPT.
612 415 688 479 8.]
908 417 963 465 S.
1003 414 1426 464 SERAPHJA:
1463 412 1888 462 NATJVJTAS
1920 413 1984 462 B.
2027 411 2346 461 MARJAE.
2738 421 2831 473 327

1331 583 1926 648 SEPTEMBER.

965 721 1021 785 S
1022 721 1287 803 crapkia
1319 722 1503 803 virgo
1535 718 1828 803 martyr}
1917 719 2130 783 Lectio
2161 719 2273 802 ‚iz-‘72

414 835 806 967 SEraphia
840 836 1025 917 virgo
1057 835 1535 897 Antiochensis
1579 855 1730 896 cum
1767 833 2069 896 Adriano
2108 833 2510 915 imperatore
2545 831 2831 893 Romam

543 925 830 985 venisset
861 923 926 984 in
959 925 1164 985 domo
1197 923 1390 983 beate
1439 921 1689 984 Sabine
1737 922 2070 983 diuersata
2124 929 2243 995 est,
2272 921 2693 999 eandemque
2746 918 2832 981 ad

411 1009 613 1073 fidem
649 1009 891 1073 Christi
924 1010 1266 1072 conuertit.
1360 1007 1816 1089 Quamobrem
1861 1028 1900 1069 a
1935 1006 2193 1089 preside
2228 1005 2492 1086 Beryllo
2534 1025 2834 1088 compre-

411 1099 637 1172 hensa,
690 1098 776 1159 ad
839 1094 1270 1177 dearumque²
1326 1095 1716 1157 sacrificium
1781 1094 2125 1177 producta,
2179 1094 2452 1174 negauit
2515 1113 2585 1154 se
2645 1091 2834 1154 alteri

409 1204 614 1265 quam
651 1183 915 1247 Christo
964 1183 1354 1245 sacrificium
1407 1183 1782 1244 oblaturam
1835 1181 2174 1243 affirmans
2205 1201 2275 1242 se
2306 1180 2395 1242 ob
2446 1189 2834 1262 perpetuam

412 1272 879 1352 virginitatem,
910 1290 1112 1350 quam
1169 1271 1227 1332 ei
1275 1279 1567 1345 vouerat,
1599 1268 1922 1351 templum
1977 1268 2081 1330 dei
2115 1269 2248 1330 viui
2289 1266 2551 1330 factam.
2643 1266 2835 1329 Tunc

415 1378 637 1440 preses
682 1368 752 1419 vt
793 1358 1036 1418 amissa
1089 1357 1405 1438 pudicitia
1456 1356 1778 1439 templum
1828 1356 1933 1418 dei
1986 1374 2130 1417 esse
2184 1354 2531 1430 desineret,
2576 1354 2837 1430 duobus

417 1466 566 1507 eam
601 1444 928 1507 salacibus
961 1444 1309 1506 iuuenibus
1340 1441 1907 1525 constuprandam
1943 1440 2190 1505 tradit.3
2281 1441 2414 1523 Qui
2461 1441 2838 1503 obscuriore

416 1531 722 1595 cubiculo
782 1532 1123 1606 inclusam,
1184 1550 1333 1592 cum
1396 1532 1566 1592 circa
1631 1531 1914 1612 primam
1994 1530 2207 1592 noctis
2269 1529 2498 1590 horam
2560 1527 2836 1610 aggredi

421 1628 746 1701 pararent,
835 1629 1067 1680 orante
1156 1618 1411 1698 virgine
1501 1618 1722 1680 subito
1813 1617 2064 1678 lumine
2153 1615 2569 1691 circumfulsi,
2648 1615 2835 1695 quasi

418 1707 765 1767 exanimes
829 1704 1141 1767 membris
1190 1705 1500 1766 omnibus
1554 1704 1856 1766 resolutis
1907 1705 1970 1765 in
2025 1713 2264 1765 terram
2322 1703 2646 1785 prostrati,
2697 1712 2838 1764 tota

421 1803 615 1855 nocte
649 1794 1006 1864 iacuerunt,
1037 1793 1250 1854 donec
1298 1791 1574 1874 presidis
1609 1801 1844 1871 rogatu
1879 1791 2143 1853 fuerunt
2174 1811 2214 1852 a
2246 1789 2500 1871 virgine
2539 1789 2839 1852 oratione

418 1880 561 1942 susa
625 1890 886 1961 postera
948 1879 1056 1942 die
1117 1880 1250 1940 suis
1302 1879 1549 1940 viribus
1602 1879 1904 1954 restituti,
1949 1888 2017 1940 et
2062 1897 2191 1959 que
2245 1876 2364 1939 sibi
2419 1877 2839 1959 contigerant

417 1967 658 2049 presidi
752 1976 1200 2028 narrauerunt.
1324 1965 1457 2029 Sed
1549 1986 1701 2028 curn
1779 1966 1833 2026 is
1908 1975 2147 2027 cuncta
2238 1964 2514 2046 magicis
2588 1962 2839 2025 artibus

416 2054 749 2130 tribueret,
781 2053 1140 2116 adductam
1189 2052 1310 2114 sibi
1341 2053 1667 2134 virginem
1701 2063 1769 2115 et
1801 2052 2095 2114 vestibus
2149 2051 2523 2134 spoliatam,
2555 2050 2839 2113 incensis

418 2139 671 2203 facibus
731 2141 917 2203 aduri
983 2142 1180 2202 iussit.
1295 2139 1493 2221 Quod
1558 2160 1708 2202 cum
1772 2139 1970 2201 alacri
2030 2140 2258 2201 animo
2318 2137 2431 2200 illa
2479 2138 2841 2214 tolerasset,

418 2228 700 2290 fustibus
774 2229 887 2290 diu
972 2248 1120 2289 cesa
1198 2237 1264 2290 et
1340 2238 1523 2289 trans
1597 2246 1823 2289 arcum
1906 2227 2203 2288 Faustini
2293 2224 2513 2300 ducta,
2586 2225 2837 2287 ibidem

418 2314 749 2377 decollata
782 2325 897 2378 est.
991 2315 1154 2376 Eius
1200 2323 1422 2376 autem
1478 2334 1718 2396 corpus
1772 2312 1966 2375 beata
2019 2311 2271 2376 Sabina
2303 2313 2367 2374 in
2401 2311 2637 2375 eodem
2694 2312 2841 2374 loco

420 2402 725 2483 sepeliuit
758 2401 861 2482 ‚iij.
898 2421 1108 2463 nonas
1143 2400 1570 2483 Septembris

550 2490 609 2550 A
621 2489 1044 2550 decertendum
1077 2509 1247 2549 nunc
1273 2489 1342 2549 in
1376 2488 1582 2549 indice
1610 2488 1776 2568 *post
1807 2496 2202 2567 pentecosten
2233 2485 2490 2568 posit0,⁴
2517 2507 2604 2547 an
2638 2485 2707 2546 in
2740 2485 2844 2547 die

416 2576 795 2638 natiuitatis
825 2574 1149 2656 virginis?
1175 2574 1280 2637 vel
1303 2575 1420 2655 ins
1413 2595 1489 2636 ra
1519 2574 1658 2637 eius
1687 2584 1977 2637 octauam
2010 2572 2468 2655 interponenda
2496 2572 2589 2635 sit
2615 2571 2842 2654 aliqua

412 2683 492 2724 ex
517 2663 856 2725 domineris·
885 2662 1289 2743 vagantibus.

832 2779 898 2849 (Ι
945 2773 1023 2834 N
1019 2774 1296 2835 atim'tas
1324 2772 1576 2835 5Man>2
1605 2771 1912 2855 vz·rginz·s'³
1944 2772 2179 2853 duplex
2206 2771 2435 2834 maius.

549 2860 669 2922 Ad
693 2872 985 2941 vesperas
1012 2860 1307 2940 hymnus.
1398 2861 1548 2922 Aue
1582 2863 1781 2923 maris
1813 2858 2046 2923 stella.⁶

548 2947 970 3028 Atztz'plzona.⁵
1090 2947 1393 3010 Gloriose
1466 2948 1739 3028 virginis
1807 2948 2015 3009 Marie
2090 2956 2309 3008 ortum
2372 2944 2839 3026 dignissimum

420 3035 804 3110 recolamuS,
835 3054 964 3115 que
1009 3044 1075 3096 et
1131 3035 1481 3116 genetricis
1533 3034 1930 3115 dignitatem
1980 3033 2288 3109 obtinuit,
2334 3042 2401 3094 et
2447 3033 2836 3114 virginalem

418 3120 803 3204 pudicitiam
839 3141 971 3183 non
1005 3123 1244 3186 amisit.

1514 3244 1760 3309 Oratio

434 3356 820 3486 FAmulis
911 3358 1041 3420 tuis
1139 3378 1501 3438 quesumus
1591 3357 1864 3420 domine
1954 3356 2212 3420 celestis
2300 3356 2511 3438 gratie
2602 3375 2843 3418 munus

582 3446 930 3527 impertire,
991 3455 1062 3507 vt
1122 3446 1362 3526 quibus
1423 3445 1617 3508 beate
1677 3443 1949 3525 virginis
2011 3453 2237 3526 partus
2297 3443 2525 3506 extitit
2585 3440 2842 3505 salutis⁷

418 3532 772 3595 exordium
822 3533 1188 3594 natiuitatis
1236 3534 1378 3594 eius
1409 3533 1636 3594 votiua
1691 3532 2055 3593 solennitas
2105 3532 2285 3614 pacis
2339 3531 2586 3593 tribuat
2635 3530 2840 3592 incre-

426 3630 743 3683 mentum.
838 3620 972 3681 Per.

1038 3748 1104 3818 ΙΙ
1150 3743 1237 3805 ΒΑ
1248 3744 1300 3805 d
1324 3744 1722 3806 matutinum
1756 3743 2232 3807 inuitaton'um.

553 3856 991 3918 Natiuitatem
1077 3857 1347 3937 virginis
1442 3856 1653 3920 Marie
1727 3855 2150 3919 celebremus,
2272 3855 2606 3919 Christum
2699 3855 2841 3918 eius

421 3942 628 4006 filium
661 3944 1015 4006 adoremus
1047 3943 1411 4006 dominum.

551 4054 875 4134 Hymnus.
969 4054 1031 4119 O
1065 4055 1404 4137 gloriosa.⁹

521 4164 536 4194 ¹
575 4165 675 4215 die.
704 4178 748 4227 3.
779 4166 837 4213 in
862 4182 927 4214 m.
1031 4164 1054 4195 ²
1097 4166 1235 4214 Thus
1258 4168 1361 4214 also
1385 4165 1463 4229 38.
1493 4165 1835 4230 deorumque:
1873 4179 1951 4229 39.
1981 4177 2075 4216 etc.
2177 4166 2199 4196 ²⁸
2232 4165 2472 4217 tradidit:
2510 4178 2587 4227 39.
2611 4178 2691 4226 41.
2722 4164 2802 4228 63.

516 4230 623 4267 ⁴—⁴
655 4233 962 4294 supraposito
969 4231 1101 4294 folio
1119 4247 1136 4278 .·
1171 4244 1249 4294 39.
1278 4244 1359 4292 41.
1432 4232 1540 4292 [See
1562 4233 1725 4291 above,
1754 4248 1803 4296 p.
1838 4233 1972 4295 185.]
2118 4230 2226 4268 ⁶—5
2258 4233 2386 4281 beate
2408 4232 2613 4280 Marie:
2648 4243 2725 4293 39.
2755 4244 2837 4291 41.

516 4294 538 4392 ξ
572 4299 768 4359 require
792 4297 936 4360 infra
960 4297 1017 4344 in
1040 4297 1191 4361 officio
1211 4298 1467 4345 sabbatino
1489 4298 1704 4346 eiusdem
1720 4312 1753 4391 .·8
1771 4297 1889 4409 agella
1908 4308 1987 4409 {39.
2013 4308 2094 4356 41.
2125 4298 2277 4410 8[See
2299 4297 2463 4357 below,
2492 4312 2540 4362 p.
2573 4294 2711 4360 388.]

519 4374 792 4553 ⁹82}ng
825 4428 1024 4491 require
1048 4426 1193 4492 infra
1227 4427 1285 4476 in
1308 4428 1459 4493 officio
1480 4427 1735 4476 sabbatino
1756 4368 2171 4476 ea‘usdebefrbbf
2182 4439 2260 4490 39.
2289 4440 2368 4488 41.
2441 4428 2551 4487 [See
2573 4427 2739 4487 below,

425 4507 477 4557 p.
508 4504 536 4555 3
607 4528 618 4540 .
