3293 5225
835 480 1065 529 FERIA
1108 482 1178 530 ll.
1221 482 1659 532 DOMJNJCAE
1692 485 1768 534 ll.
1809 485 2002 534 POST
2027 485 2333 536 PASCHA.
2701 495 2790 550 145

998 693 1220 756 Tertia
1249 694 1425 757 lectio
1453 695 1799 758 secundum
1831 695 2183 762 loannem}

464 821 524 883 N
560 820 673 884 illo
706 830 1022 903 tempore,
1058 823 1256 886 Dixit
1295 823 1478 886 Iesus
1524 825 1868 900 phariseis,
1898 845 2026 907 ego
2079 846 2225 889 sum
2280 836 2509 909 pastor
2557 827 2789 890 bonuS.

420 908 719 1057 *rssonus
781 919 1009 991 pastor
1068 911 1361 973 animam
1422 931 1610 974 suam
1678 913 1867 995 ponit
1929 933 2050 995 pro
2109 914 2348 976 ouibus
2409 914 2559 977 suiS.
2698 914 2789 976 Et

379 1016 446 1058 re
474 1015 642 1077 1qua.

1000 1165 1068 1233 (I
1096 1159 1179 1221 H
1173 1159 1397 1222 emilia
1425 1160 1639 1223 sancti
1669 1160 1729 1224 G
1733 1161 1980 1243 regorg'j
1985 1172 2167 1244 pape.

387 1287 785 1416 AVdistis
817 1288 1049 1350 fratres
1080 1288 1445 1351 charissimi
1478 1310 1565 1352 ex
1600 1289 1883 1353 lectione
1915 1289 2303 1372 euangelica
2346 1290 2784 1354 eruditionem

554 1385 861 1451 vestram,
892 1375 1168 1438 audistis
1218 1386 1285 1439 et
1339 1376 1703 1458 periculum
1758 1388 2075 1442 nostrum.
2168 1378 2343 1441 Ecce
2372 1379 2550 1442 enim
2586 1379 2639 1441 is
2673 1379 2786 1460 qui

378 1481 509 1524 non
561 1483 650 1524 ex
700 1462 1028 1525 accidenti
1081 1460 1305 1536 dono,2
1348 1463 1465 1526 sed
1521 1464 1961 1526 essentialiter
2000 1465 2215 1528 bonus
2268 1473 2369 1528 est
2415 1465 2593 1540 dicit,
2637 1465 2782 1548 Ege

379 1568 522 1611 sum
580 1557 807 1631 pastor
859 1549 1112 1612 bonus:
1180 1559 1381 1631 atque
1426 1550 1723 1613 eiusdem
1763 1551 2082 1614 bonitatis
2115 1551 2395 1615 formam
2428 1572 2628 1633 quam
2664 1572 2785 1615 nos

377 1636 714 1699 imitemur
764 1635 1074 1699 adiunxit
1127 1638 1392 1700 dicens:
1464 1638 1691 1700 Bonus
1741 1647 1967 1719 pastor
2018 1640 2312 1701 animam
2363 1659 2553 1702 suam
2598 1640 2787 1721 ponit

379 1743 497 1803 pro
529 1724 765 1785 ouibus
797 1723 948 1787 suis,
1042 1724 1227 1787 Fecit
1259 1723 1440 1805 quod
1474 1726 1751 1800 monuit,
1781 1725 2076 1788 ostendit
2107 1726 2288 1808 quod
2321 1726 2526 1802 iussit,
2562 1726 2788 1789 Bonus

378 1819 605 1891 pastor
658 1831 777 1891 pro
825 1810 1062 1873 ouibus
1113 1811 1246 1873 suis
1300 1812 1593 1874 animam
1637 1831 1828 1874 suam
1865 1813 2121 1891 posuit:
2168 1822 2238 1875 vt
2271 1815 2336 1876 in
2369 1823 2787 1876 sacramento

379 1906 607 1960 nostro
659 1917 897 1979 corpus
951 1917 1141 1960 suum
1198 1907 1264 1960 et
1318 1899 1709 1980 sanguinem
1760 1909 2043 1963 verteret
2096 1909 2163 1962 et
2212 1920 2371 1963 oues
2404 1921 2570 1982 quas
2603 1901 2787 1962 rede-

380 1994 589 2046 merat
620 1985 836 2047 carnis
868 2004 982 2047 sue
1014 1984 1330 2047 alimento
1360 1986 1650 2050 satiaret.
1745 1984 2036 2050 Ostensa
2068 1988 2259 2050 nobis
2299 1997 2399 2050 est
2454 1988 2656 2068 igitur
2704 1986 2789 2050 de

377 2080 767 2152 contemptu
832 2071 1062 2135 mortis
1124 2073 1230 2134 via
1290 2092 1491 2153 quam
1556 2092 1954 2155 sequamur:
2030 2075 2338 2156 apposita
2412 2073 2624 2137 forma
2683 2074 2788 2137 cui

376 2157 850 2239 imprimamur.
962 2159 1254 2221 Primum
1312 2158 1502 2222 nobis
1551 2168 1654 2222 est
1703 2161 2034 2223 exteriora
2089 2170 2315 2224 nostra
2354 2161 2785 2224 misericordi·

378 2243 593 2306 aliter*3
622 2247 861 2309 ouibus
892 2247 1032 2308 eius
1083 2246 1482 2327 impendere.
1582 2248 1997 2311 Postremum
2047 2268 2205 2310 vero
2257 2249 2310 2310 si
2366 2268 2633 2311 necesse
2686 2263 2786 2312 est

376 2332 579 2394 etiam
613 2333 816 2395 vitam
872 2343 1169 2395 nostram
1226 2353 1344 2416 pro
1395 2333 1645 2396 eisdem
1701 2334 1939 2397 ouibus
1986 2336 2372 2399 miuistrare.
2466 2334 2531 2397 A
2570 2336 2788 2417 primo

377 2429 600 2480 autem
637 2420 760 2482 hoc
796 2421 1110 2482 minimo:
1161 2421 1541 2501 peruenitur
1572 2421 1657 2483 ad
1692 2431 2101 2503 postremum
2146 2422 2373 2486 maius,
2467 2421 2602 2486 Sed
2634 2442 2788 2485 cum

378 2505 985 2587 incomparabiliter
1037 2507 1234 2589 longe
1282 2509 1366 2571 sit
1427 2508 1653 2570 anima
1707 2508 1940 2571 melior
1999 2530 2133 2588 qua
2181 2510 2467 2572 viuimus
2527 2519 2790 2572 terrena

376 2591 750 2657 substantia
785 2615 986 2677 quam
1020 2594 1315 2657 exterius
1366 2594 1801 2677 possidemus»,
1853 2597 1965 2678 qui
2023 2617 2153 2660 non
2206 2595 2323 2659 dat
2376 2617 2495 2679 pro
2547 2596 2786 2660 ouibus

376 2679 817 2744 substantiam
851 2702 1086 2744 suam:
1134 2682 1431 2763 quando*
1463 2702 1581 2764 pro
1613 2684 1708 2745 eis
1752 2684 2025 2746 daturus
2074 2694 2175 2747 est
2229 2684 2523 2746 animam
2579 2704 2789 2750 suam.

377 2768 466 2830 Et
534 2779 687 2830 sunt
753 2768 1050 2831 nonnulli
1100 2769 1211 2849 qui
1268 2768 1428 2832 dum
1486 2769 1632 2851 plus
1687 2779 2015 2834 terrenam
2078 2771 2519 2834 substantiam
2582 2791 2784 2852 quam

373 2874 532 2917 oues
582 2854 869 2937 diligunt
921 2856 1227 2919 meritum
1285 2857 1568 2938 pastoris
1621 2856 1925 2937 perdunt.
2040 2858 2145 2920 De
2195 2858 2434 2939 quibus
2485 2859 2786 2939 protinus

373 2941 690 3005 subditur.
811 2942 1328 3005 Mercennarius5
1382 2952 1648 3006 autem:
1717 2953 1784 3006 et
1836 2944 1948 3026 qui
2004 2965 2135 3007 non
2192 2954 2293 3007 est
2325 2954 2568 3026 pastor,
2599 2946 2786 3008 cuius

376 3048 505 3091 non
554 3038 709 3092 sunt
754 3049 913 3092 oues
962 3030 1224 3112 proprie
1256 3029 1439 3093 videt
1486 3030 1714 3112 lupum
1750 3032 2167 3094 venientem:
2214 3040 2281 3094 et
2314 3032 2592 3095 dimittit
2623 3052 2784 3095 oues

371 3125 438 3178 et
490 3115 673 3197 fugit.
787 3117 939 3179 Non
998 3126 1224 3199 pastor
1276 3116 1392 3180 sed
1449 3118 1965 3180 mercennarius⁵
1996 3128 2288 3195 vocatur,
2318 3120 2430 3199 qui
2483 3139 2614 3181 non
2664 3140 2785 3201 pro

370 3222 596 3265 amore
679 3203 916 3266 intimo
998 3224 1158 3266 oues
1220 3204 1588 3267 dominicas
1649 3204 1768 3267 sed
1830 3205 1915 3268 ad
1977 3205 2379 3288 temporales
2443 3207 2780 3269 mercedes

372 3287 630 3371 pascit.⁶

1460 3453 1706 3519 Oratio.

386 3583 659 3711 DEus
709 3585 824 3683 qui
877 3583 1111 3683 ἰηᾞίἰ]
1168 3584 1261 3646 tui
1314 3584 1684 3648 humilitate
1741 3586 2064 3685 iacentem
2121 3587 2444 3649 mundum
2507 3588 2777 3651 erexisti

548 3669 850 3733 fidelibus
883 3680 1012 3734 tu1s
1047 3680 1435 3753 perpetuam
1469 3671 1761 3734 concede
1794 3672 2092 3747 letitiam,
2128 3683 2197 3736 vt
2242 3694 2410 3755 quos
2460 3686 2778 3756 perpetue

370 3758 597 3906 morgis
644 3758 941 3840 eripuisti
990 3757 1288 3820 casibus:
1336 3758 1598 3840 gaudijs
1632 3758 1835 3821 facias
1867 3761 2287 3842 sempiternis
2320 3762 2603 3843 perfrui:
2655 3762 2777 3825 Per

366 3864 495 3906 eun
550 3864 675 3910 em.

968 4004 1036 4074 (I
1066 4000 1264 4061 Feria
1296 4000 1379 4082 js.
1410 4021 1488 4062 ex
1520 3998 1794 4063 Genesi]
1882 4001 2094 4063 Lectio
2125 4001 2183 4066 .i.
2211 4004 2215 4009 “

382 4129 819 4258 pOstquam
870 4138 1092 4228 autem
1142 4128 1395 4191 audiuit
1442 4128 1641 4191 verba
1675 4128 1954 4193 filiorum
2005 4130 2240 4195 Laban
2387 4132 2613 4195 omnia
2649 4154 2778 4215 que

516 4226 813 4299 precepit
845 4217 963 4279 t1bi
1002 4216 1204 4292 DeuS‚
1238 4217 1353 4279 sac,

458 4406 473 4435 ¹
512 4408 598 4456 Ca.
636 4419 694 4455 10
718 4409 773 4455 in
798 4425 862 4457 m.
1193 4405 1214 4435 ²
1248 4407 1414 4455 bono:
1454 4418 1534 4467 39.
1560 4419 1638 4466 41.
1669 4405 1747 4455 61.
2066 4405 2087 4438 ⁸
2119 4408 2532 4459 misericorditer:
2570 4422 2648 4472 39.
2677 4421 2771 4461 etc.

457 4470 477 4500 ⁴
510 4472 792 4536 quomodo:
832 4485 909 4535 39.
940 4485 1018 4532 41.
1668 4470 1688 4500 ³
1734 4472 1870 4519 Thus
1892 4473 1994 4521 also
2018 4472 2097 4535 38.
2129 4475 2494 4524 Mercenarius:
2532 4487 2610 4538 39.
2639 4487 2731 4525 etc.

453 4534 475 4564 ⁶
509 4538 703 4601 poscit:
740 4537 817 4601 38.
879 4538 953 4586 Te
981 4538 1182 4586 Deum:
1219 4537 1327 4585 add.
1359 4535 1436 4599 63.
1668 4536 1687 4566 ⁷
1723 4536 1810 4586 Ca.
1842 4549 1898 4600 31
1930 4539 1986 4587 in
2010 4555 2075 4588 m.
2106 4539 2257 4599 [xxxi.
2305 4540 2471 4600 1-16.]

447 4616 503 4665 B.
540 4618 602 4665 R.
639 4617 707 4665 N.
2472 4620 2515 4668 L
