<?xml version="1.0" encoding="UTF-8"?>
<!DOCTYPE html PUBLIC "-//W3C//DTD XHTML 1.0 Transitional//EN"
    "http://www.w3.org/TR/xhtml1/DTD/xhtml1-transitional.dtd">
<html xmlns="http://www.w3.org/1999/xhtml" xml:lang="en" lang="en">
 <head>
  <title>
</title>
<meta http-equiv="Content-Type" content="text/html;charset=utf-8" />
  <meta name='ocr-system' content='tesseract 3.04.00' />
  <meta name='ocr-capabilities' content='ocr_page ocr_carea ocr_par ocr_line ocrx_word'/>
</head>
<body>
  <div class='ocr_page' id='page_1' title='image "./secondrecension00legggoog_0433.png"; bbox 0 0 3293 5225; ppageno 0'>
   <div class='ocr_carea' id='block_1_1' title="bbox 283 396 2707 461">
    <p class='ocr_par' dir='ltr' id='par_1_1' title="bbox 283 396 2707 461">
     <span class='ocr_line' id='line_1_1' title="bbox 283 396 2707 461; baseline 0.002 -14"><span class='ocrx_word' id='word_1_1' title='bbox 283 399 431 447; x_wconf 69' lang='lat' dir='ltr'><strong>Dte.</strong></span> <span class='ocrx_word' id='word_1_2' title='bbox 459 397 536 460; x_wconf 86' lang='lat'><strong>6.]</strong></span> <span class='ocrx_word' id='word_1_3' title='bbox 1020 399 1073 446; x_wconf 87' lang='lat' dir='ltr'><strong>S.</strong></span> <span class='ocrx_word' id='word_1_4' title='bbox 1114 396 1436 446; x_wconf 84' lang='lat' dir='ltr'><em>BIBIANA</em></span> <span class='ocrx_word' id='word_1_5' title='bbox 1457 412 1476 446; x_wconf 91' lang='grc'><strong>.·</strong></span> <span class='ocrx_word' id='word_1_6' title='bbox 1508 397 1562 446; x_wconf 80' lang='lat' dir='ltr'><strong>S.</strong></span> <span class='ocrx_word' id='word_1_7' title='bbox 1603 396 1882 448; x_wconf 85' lang='lat' dir='ltr'><em>NICOLA</em></span> <span class='ocrx_word' id='word_1_8' title='bbox 1895 396 1995 449; x_wconf 81' lang='lat' dir='ltr'><strong>US.</strong></span> <span class='ocrx_word' id='word_1_9' title='bbox 2610 406 2707 461; x_wconf 85' lang='grc'><strong>359</strong></span> 
     </span>
    </p>
   </div>
   <div class='ocr_carea' id='block_1_2' title="bbox 283 548 2709 702">
    <p class='ocr_par' dir='ltr' id='par_1_2' title="bbox 283 548 2709 702">
     <span class='ocr_line' id='line_1_2' title="bbox 283 548 2709 633; baseline -0 -19"><span class='ocrx_word' id='word_1_10' title='bbox 283 571 509 633; x_wconf 91' lang='lat' dir='ltr'><strong>neque</strong></span> <span class='ocrx_word' id='word_1_11' title='bbox 558 550 762 633; x_wconf 90' lang='lat' dir='ltr'><strong>pedes</strong></span> <span class='ocrx_word' id='word_1_12' title='bbox 807 551 949 614; x_wconf 88' lang='lat' dir='ltr'><strong>eius</strong></span> <span class='ocrx_word' id='word_1_13' title='bbox 1000 549 1206 614; x_wconf 90' lang='lat' dir='ltr'><strong>clauis</strong></span> <span class='ocrx_word' id='word_1_14' title='bbox 1253 559 1408 614; x_wconf 87' lang='lat' dir='ltr'><strong>sunt</strong></span> <span class='ocrx_word' id='word_1_15' title='bbox 1460 548 1666 629; x_wconf 85' lang='lat' dir='ltr'><strong>affixi,</strong></span> <span class='ocrx_word' id='word_1_16' title='bbox 1713 550 1830 614; x_wconf 90' lang='lat' dir='ltr'><strong>sed</strong></span> <span class='ocrx_word' id='word_1_17' title='bbox 1880 549 2037 614; x_wconf 87' lang='lat' dir='ltr'><strong>sune</strong></span> <span class='ocrx_word' id='word_1_18' title='bbox 2085 551 2289 633; x_wconf 90' lang='lat' dir='ltr'><strong>ligati,</strong></span> <span class='ocrx_word' id='word_1_19' title='bbox 2335 560 2408 614; x_wconf 89' lang='lat' dir='ltr'><strong>vt</strong></span> <span class='ocrx_word' id='word_1_20' title='bbox 2460 549 2709 614; x_wconf 87' lang='lat' dir='ltr'><strong>diutius</strong></span> 
     </span>
     <span class='ocr_line' id='line_1_3' title="bbox 283 637 1347 702; baseline -0.001 -1"><span class='ocrx_word' id='word_1_21' title='bbox 283 637 663 702; x_wconf 91' lang='lat' dir='ltr'><strong>desiderata</strong></span> <span class='ocrx_word' id='word_1_22' title='bbox 695 648 907 702; x_wconf 92' lang='lat' dir='ltr'><strong>morte</strong></span> <span class='ocrx_word' id='word_1_23' title='bbox 937 637 1347 701; x_wconf 86' lang='lat' dir='ltr'><strong>cruciaretur.</strong></span> 
     </span>
    </p>
   </div>
   <div class='ocr_carea' id='block_1_3' title="bbox 1261 774 1740 851">
    <p class='ocr_par' dir='ltr' id='par_1_3' title="bbox 1261 774 1740 851">
     <span class='ocr_line' id='line_1_4' title="bbox 1261 774 1740 851; baseline 0.002 -14"><span class='ocrx_word' id='word_1_24' title='bbox 1261 781 1328 851; x_wconf 99' lang='grc' dir='ltr'><strong>(Ι</strong></span> <span class='ocrx_word' id='word_1_25' title='bbox 1359 774 1484 837; x_wconf 83' lang='lat' dir='ltr'><strong>Ad</strong></span> <span class='ocrx_word' id='word_1_26' title='bbox 1500 775 1740 838; x_wconf 78' lang='lat' dir='ltr'><strong>laudes,</strong></span> 
     </span>
    </p>
   </div>
   <div class='ocr_carea' id='block_1_4' title="bbox 290 884 2711 1144">
    <p class='ocr_par' dir='ltr' id='par_1_4' title="bbox 290 884 2711 1144">
     <span class='ocr_line' id='line_1_5' title="bbox 422 884 2708 969; baseline 0 -19"><span class='ocrx_word' id='word_1_27' title='bbox 422 884 844 968; x_wconf 68' lang='lat' dir='ltr'><strong>Antiplmna}</strong></span> <span class='ocrx_word' id='word_1_28' title='bbox 933 885 997 952; x_wconf 91' lang='grc' dir='ltr'>Ο</span> <span class='ocrx_word' id='word_1_29' title='bbox 1046 887 1221 950; x_wconf 92' lang='lat' dir='ltr'><strong>bona</strong></span> <span class='ocrx_word' id='word_1_30' title='bbox 1265 907 1430 950; x_wconf 87' lang='lat' dir='ltr'><strong>crux</strong></span> <span class='ocrx_word' id='word_1_31' title='bbox 1476 906 1608 969; x_wconf 87' lang='lat' dir='ltr'><strong>que</strong></span> <span class='ocrx_word' id='word_1_32' title='bbox 1653 886 1996 950; x_wconf 88' lang='lat' dir='ltr'>decorem:</span> <span class='ocrx_word' id='word_1_33' title='bbox 2040 897 2107 950; x_wconf 93' lang='lat' dir='ltr'><strong>et</strong></span> <span class='ocrx_word' id='word_1_34' title='bbox 2152 887 2708 969; x_wconf 89' lang='lat' dir='ltr'><strong>pulchritudinem</strong></span> 
     </span>
     <span class='ocr_line' id='line_1_6' title="bbox 290 973 2711 1056; baseline 0 -19"><span class='ocrx_word' id='word_1_35' title='bbox 290 974 377 1038; x_wconf 91' lang='lat' dir='ltr'><strong>de</strong></span> <span class='ocrx_word' id='word_1_36' title='bbox 412 974 727 1038; x_wconf 90' lang='lat' dir='ltr'><strong>membris</strong></span> <span class='ocrx_word' id='word_1_37' title='bbox 757 974 1009 1037; x_wconf 92' lang='lat' dir='ltr'><strong>domini</strong></span> <span class='ocrx_word' id='word_1_38' title='bbox 1042 975 1421 1056; x_wconf 88' lang='lat' dir='ltr'><strong>suscepisti:</strong></span> <span class='ocrx_word' id='word_1_39' title='bbox 1452 974 1680 1055; x_wconf 83' lang='lat' dir='ltr'><strong>accipe</strong></span> <span class='ocrx_word' id='word_1_40' title='bbox 1707 994 1813 1037; x_wconf 90' lang='lat' dir='ltr'><strong>me</strong></span> <span class='ocrx_word' id='word_1_41' title='bbox 1845 974 1932 1037; x_wconf 92' lang='lat' dir='ltr'><strong>ab</strong></span> <span class='ocrx_word' id='word_1_42' title='bbox 1964 973 2377 1037; x_wconf 89' lang='lat' dir='ltr'><strong>hominibus:</strong></span> <span class='ocrx_word' id='word_1_43' title='bbox 2409 984 2477 1038; x_wconf 93' lang='lat' dir='ltr'><strong>et</strong></span> <span class='ocrx_word' id='word_1_44' title='bbox 2509 973 2711 1038; x_wconf 87' lang='lat' dir='ltr'><strong>redde</strong></span> 
     </span>
     <span class='ocr_line' id='line_1_7' title="bbox 293 1061 2654 1144; baseline 0 -20"><span class='ocrx_word' id='word_1_45' title='bbox 293 1082 405 1125; x_wconf 90' lang='lat' dir='ltr'><strong>me</strong></span> <span class='ocrx_word' id='word_1_46' title='bbox 438 1063 755 1144; x_wconf 88' lang='lat' dir='ltr'><strong>magistro</strong></span> <span class='ocrx_word' id='word_1_47' title='bbox 787 1081 973 1124; x_wconf 89' lang='lat' dir='ltr'><strong>meo:</strong></span> <span class='ocrx_word' id='word_1_48' title='bbox 1001 1071 1073 1124; x_wconf 91' lang='lat' dir='ltr'><strong>vt</strong></span> <span class='ocrx_word' id='word_1_49' title='bbox 1105 1081 1222 1143; x_wconf 90' lang='lat' dir='ltr'><strong>per</strong></span> <span class='ocrx_word' id='word_1_50' title='bbox 1250 1071 1318 1124; x_wconf 90' lang='lat' dir='ltr'><strong>te</strong></span> <span class='ocrx_word' id='word_1_51' title='bbox 1351 1080 1459 1124; x_wconf 92' lang='lat' dir='ltr'><strong>me</strong></span> <span class='ocrx_word' id='word_1_52' title='bbox 1489 1061 1798 1143; x_wconf 88' lang='lat' dir='ltr'><strong>recipiat:</strong></span> <span class='ocrx_word' id='word_1_53' title='bbox 1827 1062 1944 1143; x_wconf 91' lang='lat' dir='ltr'><strong>qui</strong></span> <span class='ocrx_word' id='word_1_54' title='bbox 1976 1081 2093 1143; x_wconf 90' lang='lat' dir='ltr'><strong>per</strong></span> <span class='ocrx_word' id='word_1_55' title='bbox 2123 1071 2189 1125; x_wconf 90' lang='lat' dir='ltr'><strong>te</strong></span> <span class='ocrx_word' id='word_1_56' title='bbox 2221 1081 2327 1124; x_wconf 90' lang='lat' dir='ltr'><strong>me</strong></span> <span class='ocrx_word' id='word_1_57' title='bbox 2358 1061 2654 1126; x_wconf 87' lang='lat' dir='ltr'><strong>redemit.</strong></span> 
     </span>
    </p>
   </div>
   <div class='ocr_carea' id='block_1_5' title="bbox 426 1197 2077 1279">
    <p class='ocr_par' dir='ltr' id='par_1_5' title="bbox 426 1197 2077 1279">
     <span class='ocr_line' id='line_1_8' title="bbox 426 1197 2077 1279; baseline 0 -19"><span class='ocrx_word' id='word_1_58' title='bbox 426 1203 493 1273; x_wconf 99' lang='grc' dir='ltr'><strong>(Ι</strong></span> <span class='ocrx_word' id='word_1_59' title='bbox 522 1197 648 1260; x_wconf 81' lang='lat' dir='ltr'><strong>Ad</strong></span> <span class='ocrx_word' id='word_1_60' title='bbox 669 1208 958 1278; x_wconf 77' lang='lat' dir='ltr'><strong>vesperas</strong></span> <span class='ocrx_word' id='word_1_61' title='bbox 985 1197 1266 1278; x_wconf 75' lang='lat' dir='ltr'><strong>hymnus</strong></span> <span class='ocrx_word' id='word_1_62' title='bbox 1293 1197 1371 1259; x_wconf 83' lang='lat' dir='ltr'><strong>de</strong></span> <span class='ocrx_word' id='word_1_63' title='bbox 1397 1197 1736 1275; x_wconf 84' lang='lat' dir='ltr'><strong>communi,</strong></span> <span class='ocrx_word' id='word_1_64' title='bbox 1766 1207 1841 1260; x_wconf 85' lang='lat' dir='ltr'><strong>vt</strong></span> <span class='ocrx_word' id='word_1_65' title='bbox 1863 1208 2077 1279; x_wconf 80' lang='lat' dir='ltr'><strong>supra.</strong></span> 
     </span>
    </p>
   </div>
   <div class='ocr_carea' id='block_1_6' title="bbox 297 1308 2717 1566">
    <p class='ocr_par' dir='ltr' id='par_1_6' title="bbox 297 1308 2717 1566">
     <span class='ocr_line' id='line_1_9' title="bbox 429 1308 2712 1392; baseline 0 -21"><span class='ocrx_word' id='word_1_66' title='bbox 429 1309 824 1391; x_wconf 80' lang='lat' dir='ltr'><strong>Antiphona.</strong></span> <span class='ocrx_word' id='word_1_67' title='bbox 916 1308 1086 1373; x_wconf 92' lang='lat' dir='ltr'><strong>Cum</strong></span> <span class='ocrx_word' id='word_1_68' title='bbox 1134 1310 1539 1392; x_wconf 89' lang='lat' dir='ltr'><strong>peruenisset</strong></span> <span class='ocrx_word' id='word_1_69' title='bbox 1583 1309 1818 1372; x_wconf 88' lang='lat' dir='ltr'><strong>beatus</strong></span> <span class='ocrx_word' id='word_1_70' title='bbox 1850 1309 2160 1373; x_wconf 82' lang='lat' dir='ltr'><strong>Andreas</strong></span> <span class='ocrx_word' id='word_1_71' title='bbox 2204 1309 2290 1372; x_wconf 90' lang='lat' dir='ltr'><strong>ad</strong></span> <span class='ocrx_word' id='word_1_72' title='bbox 2337 1309 2556 1373; x_wconf 91' lang='lat' dir='ltr'><strong>locum</strong></span> <span class='ocrx_word' id='word_1_73' title='bbox 2603 1309 2712 1373; x_wconf 91' lang='lat' dir='ltr'><strong>vbi</strong></span> 
     </span>
     <span class='ocr_line' id='line_1_10' title="bbox 299 1394 2715 1479; baseline 0 -19"><span class='ocrx_word' id='word_1_74' title='bbox 299 1416 463 1460; x_wconf 87' lang='lat' dir='ltr'><strong>crux</strong></span> <span class='ocrx_word' id='word_1_75' title='bbox 486 1405 717 1479; x_wconf 88' lang='lat' dir='ltr'><strong>parata</strong></span> <span class='ocrx_word' id='word_1_76' title='bbox 740 1405 915 1459; x_wconf 88' lang='lat' dir='ltr'><strong>erat:</strong></span> <span class='ocrx_word' id='word_1_77' title='bbox 938 1394 1388 1473; x_wconf 60' lang='lat' dir='ltr'><strong>exclamauit?</strong></span> <span class='ocrx_word' id='word_1_78' title='bbox 1405 1396 1667 1459; x_wconf 91' lang='lat' dir='ltr'><strong>dicens:</strong></span> <span class='ocrx_word' id='word_1_79' title='bbox 1694 1395 1758 1462; x_wconf 91' lang='grc' dir='ltr'>Ο</span> <span class='ocrx_word' id='word_1_80' title='bbox 1784 1396 1959 1460; x_wconf 89' lang='lat' dir='ltr'><strong>bona</strong></span> <span class='ocrx_word' id='word_1_81' title='bbox 1983 1417 2147 1460; x_wconf 87' lang='lat' dir='ltr'><strong>crux</strong></span> <span class='ocrx_word' id='word_1_82' title='bbox 2169 1396 2281 1459; x_wconf 92' lang='lat' dir='ltr'><strong>diu</strong></span> <span class='ocrx_word' id='word_1_83' title='bbox 2308 1396 2715 1460; x_wconf 89' lang='lat' dir='ltr'><strong>desiderata:</strong></span> 
     </span>
     <span class='ocr_line' id='line_1_11' title="bbox 297 1483 2717 1566; baseline 0 -20"><span class='ocrx_word' id='word_1_84' title='bbox 297 1494 366 1547; x_wconf 90' lang='lat' dir='ltr'><strong>et</strong></span> <span class='ocrx_word' id='word_1_85' title='bbox 399 1485 529 1546; x_wconf 91' lang='lat' dir='ltr'><strong>iam</strong></span> <span class='ocrx_word' id='word_1_86' title='bbox 562 1484 1051 1566; x_wconf 87' lang='lat' dir='ltr'><strong>concupiscenti</strong></span> <span class='ocrx_word' id='word_1_87' title='bbox 1083 1484 1310 1545; x_wconf 87' lang='lat' dir='ltr'><strong>animo</strong></span> <span class='ocrx_word' id='word_1_88' title='bbox 1355 1493 1740 1566; x_wconf 88' lang='lat' dir='ltr'><strong>preparata:</strong></span> <span class='ocrx_word' id='word_1_89' title='bbox 1785 1504 2051 1547; x_wconf 89' lang='lat' dir='ltr'><strong>securus</strong></span> <span class='ocrx_word' id='word_1_90' title='bbox 2081 1493 2148 1546; x_wconf 92' lang='lat' dir='ltr'><strong>et</strong></span> <span class='ocrx_word' id='word_1_91' title='bbox 2193 1483 2493 1565; x_wconf 89' lang='lat' dir='ltr'><strong>gaudens</strong></span> <span class='ocrx_word' id='word_1_92' title='bbox 2521 1485 2717 1546; x_wconf 93' lang='lat' dir='ltr'><strong>venio</strong></span> 
     </span>
    </p>
   </div>
   <div class='ocr_carea' id='block_1_7' title="bbox 301 1570 2715 1722">
    <p class='ocr_par' dir='ltr' id='par_1_7' title="bbox 301 1570 2715 1722">
     <span class='ocr_line' id='line_1_12' title="bbox 301 1570 2715 1671; baseline -0 -38"><span class='ocrx_word' id='word_1_93' title='bbox 301 1570 389 1671; x_wconf 78' lang='lat' dir='ltr'><strong>ad</strong></span> <span class='ocrx_word' id='word_1_94' title='bbox 421 1580 521 1634; x_wconf 90' lang='lat' dir='ltr'><strong>te:</strong></span> <span class='ocrx_word' id='word_1_95' title='bbox 553 1571 645 1633; x_wconf 90' lang='lat' dir='ltr'><strong>ita</strong></span> <span class='ocrx_word' id='word_1_96' title='bbox 675 1581 742 1634; x_wconf 95' lang='lat' dir='ltr'><strong>et</strong></span> <span class='ocrx_word' id='word_1_97' title='bbox 774 1581 844 1633; x_wconf 92' lang='lat' dir='ltr'><strong>tu</strong></span> <span class='ocrx_word' id='word_1_98' title='bbox 877 1570 1189 1633; x_wconf 85' lang='lat' dir='ltr'><strong>exultans</strong></span> <span class='ocrx_word' id='word_1_99' title='bbox 1219 1571 1478 1653; x_wconf 89' lang='lat' dir='ltr'><strong>suscipe</strong></span> <span class='ocrx_word' id='word_1_100' title='bbox 1512 1591 1617 1633; x_wconf 92' lang='lat' dir='ltr'><strong>me</strong></span> <span class='ocrx_word' id='word_1_101' title='bbox 1650 1570 2046 1653; x_wconf 90' lang='lat' dir='ltr'><strong>discipulum</strong></span> <span class='ocrx_word' id='word_1_102' title='bbox 2080 1571 2222 1634; x_wconf 89' lang='lat' dir='ltr'><strong>eius</strong></span> <span class='ocrx_word' id='word_1_103' title='bbox 2253 1571 2365 1653; x_wconf 92' lang='lat' dir='ltr'><strong>qui</strong></span> <span class='ocrx_word' id='word_1_104' title='bbox 2397 1570 2715 1653; x_wconf 90' lang='lat' dir='ltr'><strong>pependit</strong></span> 
     </span>
     <span class='ocr_line' id='line_1_13' title="bbox 303 1667 483 1722; baseline 0.017 -3"><span class='ocrx_word' id='word_1_105' title='bbox 303 1677 369 1719; x_wconf 89' lang='lat' dir='ltr'><strong>m</strong></span> <span class='ocrx_word' id='word_1_106' title='bbox 403 1667 483 1722; x_wconf 88' lang='lat' dir='ltr'><strong>te.</strong></span> 
     </span>
    </p>
   </div>
   <div class='ocr_carea' id='block_1_8' title="bbox 1177 2004 1845 2081">
    <p class='ocr_par' dir='ltr' id='par_1_8' title="bbox 1177 2004 1845 2081">
     <span class='ocr_line' id='line_1_14' title="bbox 1177 2004 1845 2081; baseline 0.003 -14"><span class='ocrx_word' id='word_1_107' title='bbox 1177 2011 1244 2081; x_wconf 99' lang='grc' dir='ltr'><strong>(Ι</strong></span> <span class='ocrx_word' id='word_1_108' title='bbox 1295 2004 1845 2070; x_wconf 87' lang='lat' dir='ltr'><strong>DECEMBER.</strong></span> 
     </span>
    </p>
   </div>
   <div class='ocr_carea' id='block_1_9' title="bbox 830 2139 2200 2222">
    <p class='ocr_par' dir='ltr' id='par_1_9' title="bbox 830 2139 2200 2222">
     <span class='ocr_line' id='line_1_15' title="bbox 830 2139 2200 2222; baseline 0.001 -19"><span class='ocrx_word' id='word_1_109' title='bbox 830 2147 897 2217; x_wconf 99' lang='grc' dir='ltr'><strong>(Ι</strong></span> <span class='ocrx_word' id='word_1_110' title='bbox 926 2141 1216 2204; x_wconf 84' lang='lat' dir='ltr'><em>Bibiana</em></span> <span class='ocrx_word' id='word_1_111' title='bbox 1247 2141 1432 2222; x_wconf 80' lang='lat' dir='ltr'><strong>virgo</strong></span> <span class='ocrx_word' id='word_1_112' title='bbox 1476 2152 1746 2221; x_wconf 84' lang='lat' dir='ltr'><strong>martyr.</strong></span> <span class='ocrx_word' id='word_1_113' title='bbox 1835 2140 2048 2203; x_wconf 86' lang='lat' dir='ltr'><strong>Lectio</strong></span> <span class='ocrx_word' id='word_1_114' title='bbox 2080 2139 2200 2222; x_wconf 72' lang='lat' dir='ltr'><strong>izj.3</strong></span> 
     </span>
    </p>
   </div>
   <div class='ocr_carea' id='block_1_10' title="bbox 239 2252 2726 3467">
    <p class='ocr_par' dir='ltr' id='par_1_10' title="bbox 239 2252 2726 3467">
     <span class='ocr_line' id='line_1_16' title="bbox 327 2252 2720 2382; baseline -0 -65"><span class='ocrx_word' id='word_1_115' title='bbox 327 2254 679 2382; x_wconf 82' lang='lat' dir='ltr'><strong>Blbiana</strong></span> <span class='ocrx_word' id='word_1_116' title='bbox 710 2255 898 2335; x_wconf 91' lang='lat' dir='ltr'><strong>virgo</strong></span> <span class='ocrx_word' id='word_1_117' title='bbox 929 2254 1276 2316; x_wconf 86' lang='lat' dir='ltr'><strong>beatorum</strong></span> <span class='ocrx_word' id='word_1_118' title='bbox 1309 2263 1677 2335; x_wconf 90' lang='lat' dir='ltr'><strong>martyrum</strong></span> <span class='ocrx_word' id='word_1_119' title='bbox 1717 2253 1944 2316; x_wconf 88' lang='lat' dir='ltr'><strong>Fausti</strong></span> <span class='ocrx_word' id='word_1_120' title='bbox 1978 2263 2044 2316; x_wconf 92' lang='lat' dir='ltr'><strong>et</strong></span> <span class='ocrx_word' id='word_1_121' title='bbox 2080 2252 2363 2317; x_wconf 85' lang='lat' dir='ltr'><strong>Drasose</strong></span> <span class='ocrx_word' id='word_1_122' title='bbox 2395 2252 2527 2315; x_wconf 86' lang='lat' dir='ltr'><strong>filia</strong></span> <span class='ocrx_word' id='word_1_123' title='bbox 2569 2273 2720 2316; x_wconf 92' lang='lat' dir='ltr'><strong>cum</strong></span> 
     </span>
     <span class='ocr_line' id='line_1_17' title="bbox 472 2339 2720 2424; baseline -0 -21"><span class='ocrx_word' id='word_1_124' title='bbox 472 2350 820 2424; x_wconf 90' lang='lat' dir='ltr'><strong>parentum</strong></span> <span class='ocrx_word' id='word_1_125' title='bbox 855 2341 1172 2422; x_wconf 84' lang='lat' dir='ltr'><strong>exempla</strong></span> <span class='ocrx_word' id='word_1_126' title='bbox 1205 2350 1431 2403; x_wconf 90' lang='lat' dir='ltr'><strong>secuta</strong></span> <span class='ocrx_word' id='word_1_127' title='bbox 1464 2341 1780 2420; x_wconf 80' lang='lat' dir='ltr'><strong>singulari</strong></span> <span class='ocrx_word' id='word_1_128' title='bbox 1816 2342 2063 2423; x_wconf 82' lang='lat' dir='ltr'><strong>pietate</strong></span> <span class='ocrx_word' id='word_1_129' title='bbox 2096 2361 2173 2403; x_wconf 90' lang='lat' dir='ltr'><strong>ac</strong></span> <span class='ocrx_word' id='word_1_130' title='bbox 2208 2339 2337 2404; x_wconf 84' lang='lat' dir='ltr'><strong>fide</strong></span> <span class='ocrx_word' id='word_1_131' title='bbox 2383 2340 2720 2403; x_wconf 87' lang='lat' dir='ltr'><strong>Christum</strong></span> 
     </span>
     <span class='ocr_line' id='line_1_18' title="bbox 314 2427 2721 2510; baseline 0 -20"><span class='ocrx_word' id='word_1_132' title='bbox 314 2428 573 2504; x_wconf 88' lang='lat' dir='ltr'><strong>coleret,</strong></span> <span class='ocrx_word' id='word_1_133' title='bbox 602 2438 670 2490; x_wconf 93' lang='lat' dir='ltr'><strong>et</strong></span> <span class='ocrx_word' id='word_1_134' title='bbox 700 2429 842 2490; x_wconf 90' lang='lat' dir='ltr'><strong>eius</strong></span> <span class='ocrx_word' id='word_1_135' title='bbox 874 2437 1187 2510; x_wconf 90' lang='lat' dir='ltr'><strong>precepta</strong></span> <span class='ocrx_word' id='word_1_136' title='bbox 1219 2428 1472 2507; x_wconf 79' lang='lat' dir='ltr'><strong>ingenti</strong></span> <span class='ocrx_word' id='word_1_137' title='bbox 1506 2428 1729 2490; x_wconf 88' lang='lat' dir='ltr'><strong>studio</strong></span> <span class='ocrx_word' id='word_1_138' title='bbox 1760 2436 2050 2490; x_wconf 88' lang='lat' dir='ltr'><strong>seruaret</strong></span> <span class='ocrx_word' id='word_1_139' title='bbox 2082 2446 2358 2509; x_wconf 85' lang='lat' dir='ltr'><strong>seseque</strong></span> <span class='ocrx_word' id='word_1_140' title='bbox 2388 2427 2474 2490; x_wconf 92' lang='lat' dir='ltr'><strong>ad</strong></span> <span class='ocrx_word' id='word_1_141' title='bbox 2520 2447 2721 2490; x_wconf 90' lang='lat' dir='ltr'><strong>euan-</strong></span> 
     </span>
     <span class='ocr_line' id='line_1_19' title="bbox 314 2513 2721 2596; baseline -0 -18"><span class='ocrx_word' id='word_1_142' title='bbox 314 2515 520 2596; x_wconf 90' lang='lat' dir='ltr'><strong>gelice</strong></span> <span class='ocrx_word' id='word_1_143' title='bbox 591 2514 889 2577; x_wconf 86' lang='lat' dir='ltr'><strong>doctrine</strong></span> <span class='ocrx_word' id='word_1_144' title='bbox 952 2534 1252 2576; x_wconf 87' lang='lat' dir='ltr'><strong>normam</strong></span> <span class='ocrx_word' id='word_1_145' title='bbox 1316 2513 1632 2594; x_wconf 83' lang='lat' dir='ltr'><strong>effingere</strong></span> <span class='ocrx_word' id='word_1_146' title='bbox 1693 2534 2114 2596; x_wconf 86' lang='lat' dir='ltr'><strong>summopere</strong></span> <span class='ocrx_word' id='word_1_147' title='bbox 2174 2514 2619 2585; x_wconf 84' lang='lat' dir='ltr'><strong>contenderet.</strong></span> <span class='ocrx_word' id='word_1_148' title='bbox 2681 2535 2721 2577; x_wconf 88' lang='lat' dir='ltr'><strong>a</strong></span> 
     </span>
     <span class='ocr_line' id='line_1_20' title="bbox 321 2600 2722 2684; baseline -0 -19"><span class='ocrx_word' id='word_1_149' title='bbox 321 2601 578 2665; x_wconf 90' lang='lat' dir='ltr'><strong>Iuliano</strong></span> <span class='ocrx_word' id='word_1_150' title='bbox 599 2602 995 2683; x_wconf 90' lang='lat' dir='ltr'><strong>imperatore</strong></span> <span class='ocrx_word' id='word_1_151' title='bbox 1020 2601 1434 2664; x_wconf 89' lang='lat' dir='ltr'><strong>atrocissimo</strong></span> <span class='ocrx_word' id='word_1_152' title='bbox 1461 2600 1987 2665; x_wconf 90' lang='lat' dir='ltr'><strong>Christianorum</strong></span> <span class='ocrx_word' id='word_1_153' title='bbox 2013 2600 2203 2664; x_wconf 86' lang='lat' dir='ltr'><strong>hoste</strong></span> <span class='ocrx_word' id='word_1_154' title='bbox 2228 2600 2722 2684; x_wconf 90' lang='lat' dir='ltr'><strong>comprehensa,</strong></span> 
     </span>
     <span class='ocr_line' id='line_1_21' title="bbox 316 2687 2721 2771; baseline 0 -20"><span class='ocrx_word' id='word_1_155' title='bbox 316 2709 392 2751; x_wconf 92' lang='lat' dir='ltr'><strong>ac</strong></span> <span class='ocrx_word' id='word_1_156' title='bbox 427 2688 676 2751; x_wconf 87' lang='lat' dir='ltr'><strong>Fausto</strong></span> <span class='ocrx_word' id='word_1_157' title='bbox 709 2689 949 2771; x_wconf 89' lang='lat' dir='ltr'><strong>presidi</strong></span> <span class='ocrx_word' id='word_1_158' title='bbox 984 2689 1226 2752; x_wconf 86' lang='lat' dir='ltr'><strong>tradita</strong></span> <span class='ocrx_word' id='word_1_159' title='bbox 1257 2698 1375 2751; x_wconf 89' lang='lat' dir='ltr'><strong>est.</strong></span> <span class='ocrx_word' id='word_1_160' title='bbox 1468 2687 1602 2752; x_wconf 87' lang='lat' dir='ltr'><strong>Sed</strong></span> <span class='ocrx_word' id='word_1_161' title='bbox 1637 2690 1742 2751; x_wconf 90' lang='lat' dir='ltr'><strong>hic</strong></span> <span class='ocrx_word' id='word_1_162' title='bbox 1775 2708 1926 2751; x_wconf 90' lang='lat' dir='ltr'><strong>cum</strong></span> <span class='ocrx_word' id='word_1_163' title='bbox 1960 2710 2108 2751; x_wconf 89' lang='lat' dir='ltr'><strong>eam</strong></span> <span class='ocrx_word' id='word_1_164' title='bbox 2142 2688 2228 2751; x_wconf 90' lang='lat' dir='ltr'><strong>ad</strong></span> <span class='ocrx_word' id='word_1_165' title='bbox 2280 2688 2473 2751; x_wconf 90' lang='lat' dir='ltr'><strong>idolis</strong></span> <span class='ocrx_word' id='word_1_166' title='bbox 2527 2690 2721 2751; x_wconf 90' lang='lat' dir='ltr'><strong>sacri-</strong></span> 
     </span>
     <span class='ocr_line' id='line_1_22' title="bbox 239 2774 2720 2858; baseline 0.001 -24"><span class='ocrx_word' id='word_1_167' title='bbox 239 2827 249 2834; x_wconf 86' lang='lat'><strong>.</strong></span> <span class='ocrx_word' id='word_1_168' title='bbox 321 2774 652 2839; x_wconf 88' lang='lat' dir='ltr'><strong>ficandum</strong></span> <span class='ocrx_word' id='word_1_169' title='bbox 732 2776 1130 2858; x_wconf 90' lang='lat' dir='ltr'><strong>compellere</strong></span> <span class='ocrx_word' id='word_1_170' title='bbox 1203 2775 1691 2857; x_wconf 84' lang='lat' dir='ltr'><strong>aggrederetur,</strong></span> <span class='ocrx_word' id='word_1_171' title='bbox 1765 2776 1851 2838; x_wconf 87' lang='lat' dir='ltr'><strong>ab</strong></span> <span class='ocrx_word' id='word_1_172' title='bbox 1910 2776 2145 2838; x_wconf 88' lang='lat' dir='ltr'><strong>eadem</strong></span> <span class='ocrx_word' id='word_1_173' title='bbox 2207 2785 2308 2839; x_wconf 91' lang='lat' dir='ltr'><strong>est</strong></span> <span class='ocrx_word' id='word_1_174' title='bbox 2373 2775 2459 2837; x_wconf 91' lang='lat' dir='ltr'><strong>ad</strong></span> <span class='ocrx_word' id='word_1_175' title='bbox 2521 2774 2720 2838; x_wconf 86' lang='lat' dir='ltr'><strong>fidem</strong></span> 
     </span>
     <span class='ocr_line' id='line_1_23' title="bbox 318 2861 2724 2943; baseline -0 -18"><span class='ocrx_word' id='word_1_176' title='bbox 318 2882 693 2937; x_wconf 80' lang='lat' dir='ltr'><strong>conuersuS,</strong></span> <span class='ocrx_word' id='word_1_177' title='bbox 752 2864 1111 2943; x_wconf 90' lang='lat' dir='ltr'><strong>statimque</strong></span> <span class='ocrx_word' id='word_1_178' title='bbox 1173 2863 1563 2943; x_wconf 89' lang='lat' dir='ltr'><strong>martyrium</strong></span> <span class='ocrx_word' id='word_1_179' title='bbox 1614 2864 1946 2925; x_wconf 87' lang='lat' dir='ltr'><strong>constanti</strong></span> <span class='ocrx_word' id='word_1_180' title='bbox 1997 2864 2224 2925; x_wconf 89' lang='lat' dir='ltr'><strong>animo</strong></span> <span class='ocrx_word' id='word_1_181' title='bbox 2273 2862 2535 2925; x_wconf 90' lang='lat' dir='ltr'><strong>subiuit.</strong></span> <span class='ocrx_word' id='word_1_182' title='bbox 2627 2861 2724 2924; x_wconf 89' lang='lat' dir='ltr'><strong>At</strong></span> 
     </span>
     <span class='ocr_line' id='line_1_24' title="bbox 321 2949 2724 3032; baseline -0.001 -19"><span class='ocrx_word' id='word_1_183' title='bbox 321 2949 514 3013; x_wconf 88' lang='lat' dir='ltr'><strong>beata</strong></span> <span class='ocrx_word' id='word_1_184' title='bbox 545 2950 736 3032; x_wconf 86' lang='lat' dir='ltr'><strong>virgo</strong></span> <span class='ocrx_word' id='word_1_185' title='bbox 767 2970 807 3012; x_wconf 88' lang='lat' dir='ltr'><strong>a</strong></span> <span class='ocrx_word' id='word_1_186' title='bbox 846 2949 1103 3012; x_wconf 91' lang='lat' dir='ltr'><strong>Iuliano</strong></span> <span class='ocrx_word' id='word_1_187' title='bbox 1135 2949 1296 3012; x_wconf 92' lang='lat' dir='ltr'><strong>deos</strong></span> <span class='ocrx_word' id='word_1_188' title='bbox 1326 2950 1602 3013; x_wconf 89' lang='lat' dir='ltr'><strong>adorare</strong></span> <span class='ocrx_word' id='word_1_189' title='bbox 1624 2950 1817 3024; x_wconf 88' lang='lat' dir='ltr'><strong>iussa,</strong></span> <span class='ocrx_word' id='word_1_190' title='bbox 1839 2969 2045 3011; x_wconf 87' lang='lat' dir='ltr'><strong>vnum</strong></span> <span class='ocrx_word' id='word_1_191' title='bbox 2068 2950 2266 3012; x_wconf 91' lang='lat' dir='ltr'><strong>deum</strong></span> <span class='ocrx_word' id='word_1_192' title='bbox 2293 2949 2724 3022; x_wconf 80' lang='lat' dir='ltr'><strong>conditorem,</strong></span> 
     </span>
     <span class='ocr_line' id='line_1_25' title="bbox 322 3036 2722 3119; baseline 0 -20"><span class='ocrx_word' id='word_1_193' title='bbox 322 3036 939 3118; x_wconf 85' lang='lat' dir='ltr'><strong>moderatoremque</strong></span> <span class='ocrx_word' id='word_1_194' title='bbox 969 3056 1181 3099; x_wconf 92' lang='lat' dir='ltr'><strong>rerum</strong></span> <span class='ocrx_word' id='word_1_195' title='bbox 1208 3038 1508 3099; x_wconf 89' lang='lat' dir='ltr'><strong>omnium</strong></span> <span class='ocrx_word' id='word_1_196' title='bbox 1535 3036 1951 3099; x_wconf 90' lang='lat' dir='ltr'><strong>adorandum</strong></span> <span class='ocrx_word' id='word_1_197' title='bbox 1985 3036 2335 3099; x_wconf 88' lang='lat' dir='ltr'><strong>asserebat.</strong></span> <span class='ocrx_word' id='word_1_198' title='bbox 2427 3036 2722 3119; x_wconf 81' lang='lat' dir='ltr'><strong>Quamo-</strong></span> 
     </span>
     <span class='ocr_line' id='line_1_26' title="bbox 322 3122 2726 3206; baseline -0.001 -19"><span class='ocrx_word' id='word_1_199' title='bbox 322 3124 503 3187; x_wconf 90' lang='lat' dir='ltr'><strong>brem</strong></span> <span class='ocrx_word' id='word_1_200' title='bbox 537 3133 676 3187; x_wconf 88' lang='lat' dir='ltr'><strong>tam</strong></span> <span class='ocrx_word' id='word_1_201' title='bbox 710 3124 822 3186; x_wconf 90' lang='lat' dir='ltr'><strong>diu</strong></span> <span class='ocrx_word' id='word_1_202' title='bbox 856 3123 1219 3206; x_wconf 88' lang='lat' dir='ltr'><strong>plumbatis</strong></span> <span class='ocrx_word' id='word_1_203' title='bbox 1248 3144 1400 3186; x_wconf 87' lang='lat' dir='ltr'><strong>cesa</strong></span> <span class='ocrx_word' id='word_1_204' title='bbox 1430 3132 1547 3198; x_wconf 89' lang='lat' dir='ltr'><strong>est,</strong></span> <span class='ocrx_word' id='word_1_205' title='bbox 1579 3124 1793 3186; x_wconf 91' lang='lat' dir='ltr'><strong>donec</strong></span> <span class='ocrx_word' id='word_1_206' title='bbox 1824 3124 2219 3206; x_wconf 90' lang='lat' dir='ltr'><strong>corpusculo</strong></span> <span class='ocrx_word' id='word_1_207' title='bbox 2270 3122 2726 3186; x_wconf 88' lang='lat' dir='ltr'><strong>miserabiliter</strong></span> 
     </span>
     <span class='ocr_line' id='line_1_27' title="bbox 321 3209 2726 3293; baseline -0.001 -20"><span class='ocrx_word' id='word_1_208' title='bbox 321 3211 627 3286; x_wconf 87' lang='lat' dir='ltr'><strong>cruciato,</strong></span> <span class='ocrx_word' id='word_1_209' title='bbox 680 3212 982 3293; x_wconf 91' lang='lat' dir='ltr'><strong>spiritum</strong></span> <span class='ocrx_word' id='word_1_210' title='bbox 1036 3212 1275 3286; x_wconf 90' lang='lat' dir='ltr'><strong>emisit,</strong></span> <span class='ocrx_word' id='word_1_211' title='bbox 1328 3212 1643 3293; x_wconf 88' lang='lat' dir='ltr'><strong>postridie</strong></span> <span class='ocrx_word' id='word_1_212' title='bbox 1697 3210 2011 3273; x_wconf 89' lang='lat' dir='ltr'><strong>calendas</strong></span> <span class='ocrx_word' id='word_1_213' title='bbox 2063 3210 2468 3273; x_wconf 80' lang='lat' dir='ltr'><strong>Decembris,</strong></span> <span class='ocrx_word' id='word_1_214' title='bbox 2560 3209 2726 3272; x_wconf 88' lang='lat' dir='ltr'><strong>Eius</strong></span> 
     </span>
     <span class='ocr_line' id='line_1_28' title="bbox 321 3296 2726 3380; baseline -0.001 -19"><span class='ocrx_word' id='word_1_215' title='bbox 321 3306 541 3361; x_wconf 84' lang='lat' dir='ltr'><strong>autem</strong></span> <span class='ocrx_word' id='word_1_216' title='bbox 577 3317 815 3380; x_wconf 90' lang='lat' dir='ltr'><strong>corpus</strong></span> <span class='ocrx_word' id='word_1_217' title='bbox 845 3318 885 3359; x_wconf 92' lang='lat' dir='ltr'><strong>a</strong></span> <span class='ocrx_word' id='word_1_218' title='bbox 923 3297 1173 3360; x_wconf 89' lang='lat' dir='ltr'><strong>Ioanne</strong></span> <span class='ocrx_word' id='word_1_219' title='bbox 1206 3297 1591 3380; x_wconf 86' lang='lat' dir='ltr'><strong>presbytero</strong></span> <span class='ocrx_word' id='word_1_220' title='bbox 1623 3318 1807 3360; x_wconf 89' lang='lat' dir='ltr'><strong>rome</strong></span> <span class='ocrx_word' id='word_1_221' title='bbox 1840 3298 2028 3360; x_wconf 85' lang='lat' dir='ltr'><strong>iuxta</strong></span> <span class='ocrx_word' id='word_1_222' title='bbox 2063 3298 2381 3379; x_wconf 90' lang='lat' dir='ltr'><strong>palatium</strong></span> <span class='ocrx_word' id='word_1_223' title='bbox 2440 3296 2726 3359; x_wconf 88' lang='lat' dir='ltr'><strong>Licinia-</strong></span> 
     </span>
     <span class='ocr_line' id='line_1_29' title="bbox 320 3385 991 3467; baseline 0.001 -20"><span class='ocrx_word' id='word_1_224' title='bbox 320 3406 477 3447; x_wconf 93' lang='lat' dir='ltr'><strong>num</strong></span> <span class='ocrx_word' id='word_1_225' title='bbox 510 3385 842 3467; x_wconf 87' lang='lat' dir='ltr'><strong>sepultum</strong></span> <span class='ocrx_word' id='word_1_226' title='bbox 873 3395 991 3448; x_wconf 90' lang='lat' dir='ltr'><strong>est.</strong></span> 
     </span>
    </p>
   </div>
   <div class='ocr_carea' id='block_1_11' title="bbox 730 3519 2317 3603">
    <p class='ocr_par' dir='ltr' id='par_1_11' title="bbox 730 3519 2317 3603">
     <span class='ocr_line' id='line_1_30' title="bbox 730 3519 2317 3603; baseline 0 -20"><span class='ocrx_word' id='word_1_227' title='bbox 730 3527 797 3597; x_wconf 99' lang='grc' dir='ltr'><strong>(Ι</strong></span> <span class='ocrx_word' id='word_1_228' title='bbox 828 3520 907 3583; x_wconf 90' lang='lat' dir='ltr'><em>N</em></span> <span class='ocrx_word' id='word_1_229' title='bbox 905 3522 1144 3583; x_wconf 83' lang='lat' dir='ltr'><strong>icolaus</strong></span> <span class='ocrx_word' id='word_1_230' title='bbox 1160 3521 1478 3603; x_wconf 58' lang='lat' dir='ltr'><strong>episcopus</strong></span> <span class='ocrx_word' id='word_1_231' title='bbox 1495 3522 1815 3602; x_wconf 85' lang='lat' dir='ltr'><strong>confessor</strong></span> <span class='ocrx_word' id='word_1_232' title='bbox 1832 3519 2067 3602; x_wconf 75' lang='lat' dir='ltr'><strong>duplex</strong></span> <span class='ocrx_word' id='word_1_233' title='bbox 2084 3520 2317 3584; x_wconf 81' lang='lat' dir='ltr'><strong>minus,</strong></span> 
     </span>
    </p>
   </div>
   <div class='ocr_carea' id='block_1_12' title="bbox 1396 3633 1642 3697">
    <p class='ocr_par' dir='ltr' id='par_1_12' title="bbox 1396 3633 1642 3697">
     <span class='ocr_line' id='line_1_31' title="bbox 1396 3633 1642 3697; baseline -0.004 0"><span class='ocrx_word' id='word_1_234' title='bbox 1396 3633 1642 3697; x_wconf 79' lang='lat' dir='ltr'><strong>Oratio,</strong></span> 
     </span>
    </p>
   </div>
   <div class='ocr_carea' id='block_1_13' title="bbox 325 3743 2729 4002">
    <p class='ocr_par' dir='ltr' id='par_1_13' title="bbox 325 3743 2729 4002">
     <span class='ocr_line' id='line_1_32' title="bbox 337 3743 2729 3875; baseline -0.001 -67"><span class='ocrx_word' id='word_1_235' title='bbox 337 3746 629 3875; x_wconf 81' lang='lat' dir='ltr'><strong>DEuS,</strong></span> <span class='ocrx_word' id='word_1_236' title='bbox 704 3746 817 3826; x_wconf 91' lang='lat' dir='ltr'><strong>qui</strong></span> <span class='ocrx_word' id='word_1_237' title='bbox 894 3745 1159 3808; x_wconf 90' lang='lat' dir='ltr'><strong>beatum</strong></span> <span class='ocrx_word' id='word_1_238' title='bbox 1253 3746 1602 3809; x_wconf 90' lang='lat' dir='ltr'><strong>Nicolaum</strong></span> <span class='ocrx_word' id='word_1_239' title='bbox 1668 3743 2049 3828; x_wconf 89' lang='lat' dir='ltr'><strong>pontificem</strong></span> <span class='ocrx_word' id='word_1_240' title='bbox 2115 3756 2303 3806; x_wconf 91' lang='lat' dir='ltr'><strong>tuum</strong></span> <span class='ocrx_word' id='word_1_241' title='bbox 2368 3743 2729 3806; x_wconf 89' lang='lat' dir='ltr'><strong>innumeris</strong></span> 
     </span>
     <span class='ocr_line' id='line_1_33' title="bbox 501 3831 2727 3913; baseline -0.002 -16"><span class='ocrx_word' id='word_1_242' title='bbox 501 3833 826 3896; x_wconf 91' lang='lat' dir='ltr'><strong>decorasti</strong></span> <span class='ocrx_word' id='word_1_243' title='bbox 892 3831 1243 3909; x_wconf 85' lang='lat' dir='ltr'><strong>miraculiS,</strong></span> <span class='ocrx_word' id='word_1_244' title='bbox 1304 3833 1516 3896; x_wconf 90' lang='lat' dir='ltr'><strong>tribue</strong></span> <span class='ocrx_word' id='word_1_245' title='bbox 1576 3852 1940 3913; x_wconf 87' lang='lat' dir='ltr'><strong>quesumus</strong></span> <span class='ocrx_word' id='word_1_246' title='bbox 2001 3842 2072 3893; x_wconf 78' lang='lat' dir='ltr'><strong>vt</strong></span> <span class='ocrx_word' id='word_1_247' title='bbox 2132 3833 2272 3894; x_wconf 86' lang='lat' dir='ltr'><strong>eius</strong></span> <span class='ocrx_word' id='word_1_248' title='bbox 2335 3831 2601 3904; x_wconf 80' lang='lat' dir='ltr'><strong>meritiS‚</strong></span> <span class='ocrx_word' id='word_1_249' title='bbox 2660 3839 2727 3893; x_wconf 90' lang='lat' dir='ltr'><strong>et</strong></span> 
     </span>
     <span class='ocr_line' id='line_1_34' title="bbox 325 3918 2713 4002; baseline -0.001 -19"><span class='ocrx_word' id='word_1_250' title='bbox 325 3920 625 4002; x_wconf 89' lang='lat' dir='ltr'><strong>precibus</strong></span> <span class='ocrx_word' id='word_1_251' title='bbox 655 3940 695 3982; x_wconf 88' lang='lat' dir='ltr'><strong>a</strong></span> <span class='ocrx_word' id='word_1_252' title='bbox 726 3921 1029 4001; x_wconf 87' lang='lat' dir='ltr'><strong>gehenne</strong></span> <span class='ocrx_word' id='word_1_253' title='bbox 1062 3919 1385 3999; x_wconf 88' lang='lat' dir='ltr'><strong>incendijs</strong></span> <span class='ocrx_word' id='word_1_254' title='bbox 1419 3918 1805 3981; x_wconf 88' lang='lat' dir='ltr'><strong>liberemur:</strong></span> <span class='ocrx_word' id='word_1_255' title='bbox 1840 3940 1969 4001; x_wconf 88' lang='lat' dir='ltr'><strong>per.</strong></span> <span class='ocrx_word' id='word_1_256' title='bbox 2702 3944 2713 3953; x_wconf 94' lang='lat'><strong>·</strong></span> 
     </span>
    </p>
   </div>
   <div class='ocr_carea' id='block_1_14' title="bbox 1308 4054 1773 4136">
    <p class='ocr_par' dir='ltr' id='par_1_14' title="bbox 1308 4054 1773 4136">
     <span class='ocr_line' id='line_1_35' title="bbox 1308 4054 1773 4136; baseline 0.006 -19"><span class='ocrx_word' id='word_1_257' title='bbox 1308 4061 1375 4131; x_wconf 99' lang='grc' dir='ltr'><strong>(Ι</strong></span> <span class='ocrx_word' id='word_1_258' title='bbox 1407 4054 1617 4117; x_wconf 84' lang='lat' dir='ltr'><strong>Lectio</strong></span> <span class='ocrx_word' id='word_1_259' title='bbox 1650 4055 1773 4136; x_wconf 58' lang='lat' dir='ltr'><strong>iij.⁴</strong></span> 
     </span>
    </p>
   </div>
   <div class='ocr_carea' id='block_1_15' title="bbox 340 4164 2731 4336">
    <p class='ocr_par' dir='ltr' id='par_1_15' title="bbox 340 4164 2731 4336">
     <span class='ocr_line' id='line_1_36' title="bbox 340 4164 2731 4297; baseline -0.002 -66"><span class='ocrx_word' id='word_1_260' title='bbox 340 4167 468 4297; x_wconf 83' lang='lat' dir='ltr'>N</span> <span class='ocrx_word' id='word_1_261' title='bbox 496 4167 758 4231; x_wconf 88' lang='lat' dir='ltr'><strong>Icolaus</strong></span> <span class='ocrx_word' id='word_1_262' title='bbox 791 4167 1021 4266; x_wconf 73' lang='lat' dir='ltr'><strong>illustri</strong></span> <span class='ocrx_word' id='word_1_263' title='bbox 1057 4167 1200 4244; x_wconf 85' lang='lat' dir='ltr'><strong>loco</strong></span> <span class='ocrx_word' id='word_1_264' title='bbox 1236 4166 1470 4230; x_wconf 90' lang='lat' dir='ltr'><strong>Patare</strong></span> <span class='ocrx_word' id='word_1_265' title='bbox 1496 4177 1708 4243; x_wconf 78' lang='lat' dir='ltr'><strong>natuS,</strong></span> <span class='ocrx_word' id='word_1_266' title='bbox 1732 4167 1910 4248; x_wconf 92' lang='lat' dir='ltr'><strong>quod</strong></span> <span class='ocrx_word' id='word_1_267' title='bbox 1937 4167 2257 4249; x_wconf 90' lang='lat' dir='ltr'><strong>oppidum</strong></span> <span class='ocrx_word' id='word_1_268' title='bbox 2291 4167 2477 4228; x_wconf 86' lang='lat' dir='ltr'><strong>estin</strong></span> <span class='ocrx_word' id='word_1_269' title='bbox 2504 4164 2731 4246; x_wconf 90' lang='lat' dir='ltr'><strong>Lycia,</strong></span> 
     </span>
     <span class='ocr_line' id='line_1_37' title="bbox 534 4251 2731 4336; baseline -0.002 -18"><span class='ocrx_word' id='word_1_270' title='bbox 534 4254 805 4318; x_wconf 88' lang='lat' dir='ltr'><strong>orbatus</strong></span> <span class='ocrx_word' id='word_1_271' title='bbox 838 4275 902 4316; x_wconf 87' lang='lat' dir='ltr'><strong>m</strong></span> <span class='ocrx_word' id='word_1_272' title='bbox 935 4253 1382 4317; x_wconf 88' lang='lat' dir='ltr'><strong>adolescentia</strong></span> <span class='ocrx_word' id='word_1_273' title='bbox 1413 4264 1691 4335; x_wconf 77' lang='lat' dir='ltr'><strong>Vtroque</strong></span> <span class='ocrx_word' id='word_1_274' title='bbox 1726 4264 1997 4336; x_wconf 88' lang='lat' dir='ltr'><strong>parente</strong></span> <span class='ocrx_word' id='word_1_275' title='bbox 2040 4272 2274 4315; x_wconf 90' lang='lat' dir='ltr'><strong>omnes</strong></span> <span class='ocrx_word' id='word_1_276' title='bbox 2324 4271 2477 4314; x_wconf 86' lang='lat' dir='ltr'><strong>suas</strong></span> <span class='ocrx_word' id='word_1_277' title='bbox 2529 4251 2731 4313; x_wconf 91' lang='lat' dir='ltr'><strong>facul-</strong></span> 
     </span>
    </p>
   </div>
   <div class='ocr_carea' id='block_1_16' title="bbox 423 4387 2606 4518">
    <p class='ocr_par' dir='ltr' id='par_1_16' title="bbox 423 4387 2606 4518">
     <span class='ocr_line' id='line_1_38' title="bbox 423 4387 2208 4484; baseline -0.002 -44"><span class='ocrx_word' id='word_1_278' title='bbox 423 4390 546 4484; x_wconf 43' lang='lat' dir='ltr'><strong>gdic</strong></span> <span class='ocrx_word' id='word_1_279' title='bbox 592 4403 636 4439; x_wconf 88' lang='lat'><strong>2.</strong></span> <span class='ocrx_word' id='word_1_280' title='bbox 667 4391 725 4466; x_wconf 60' lang='lat' dir='ltr'><strong>fn</strong></span> <span class='ocrx_word' id='word_1_281' title='bbox 750 4406 816 4438; x_wconf 86' lang='lat' dir='ltr'><strong>m.</strong></span> <span class='ocrx_word' id='word_1_282' title='bbox 887 4389 967 4438; x_wconf 85' lang='lat' dir='ltr'><strong>die</strong></span> <span class='ocrx_word' id='word_1_283' title='bbox 993 4401 1053 4451; x_wconf 92' lang='lat'><strong>7:</strong></span> <span class='ocrx_word' id='word_1_284' title='bbox 1090 4404 1168 4450; x_wconf 83' lang='lat'><strong>44.</strong></span> <span class='ocrx_word' id='word_1_285' title='bbox 1951 4387 1974 4418; x_wconf 69' lang='lat'>2</span> <span class='ocrx_word' id='word_1_286' title='bbox 2004 4405 2096 4464; x_wconf 55' lang='lat' dir='ltr'><strong>orn.</strong></span> <span class='ocrx_word' id='word_1_287' title='bbox 2128 4401 2208 4464; x_wconf 59' lang='lat'><strong>393</strong></span> 
     </span>
     <span class='ocr_line' id='line_1_39' title="bbox 476 4451 2606 4518; baseline -0.001 -13"><span class='ocrx_word' id='word_1_288' title='bbox 476 4456 559 4505; x_wconf 76' lang='lat' dir='ltr'><strong>dle</strong></span> <span class='ocrx_word' id='word_1_289' title='bbox 589 4468 628 4504; x_wconf 88' lang='lat'><strong>1.</strong></span> <span class='ocrx_word' id='word_1_290' title='bbox 660 4471 717 4503; x_wconf 85' lang='lat' dir='ltr'><strong>m</strong></span> <span class='ocrx_word' id='word_1_291' title='bbox 743 4471 807 4503; x_wconf 86' lang='lat' dir='ltr'><strong>m.</strong></span> <span class='ocrx_word' id='word_1_292' title='bbox 881 4458 944 4503; x_wconf 85' lang='lat' dir='ltr'><strong>So</strong></span> <span class='ocrx_word' id='word_1_293' title='bbox 966 4457 1069 4503; x_wconf 85' lang='lat' dir='ltr'><strong>also</strong></span> <span class='ocrx_word' id='word_1_294' title='bbox 1092 4455 1167 4517; x_wconf 86' lang='lat'><strong>38.</strong></span> <span class='ocrx_word' id='word_1_295' title='bbox 1243 4469 1306 4504; x_wconf 85' lang='lat'><strong>2:</strong></span> <span class='ocrx_word' id='word_1_296' title='bbox 1345 4467 1421 4518; x_wconf 90' lang='lat'><strong>39.</strong></span> <span class='ocrx_word' id='word_1_297' title='bbox 1452 4465 1545 4505; x_wconf 88' lang='lat' dir='ltr'><strong>etc.</strong></span> <span class='ocrx_word' id='word_1_298' title='bbox 1951 4454 1971 4483; x_wconf 82' lang='lat'>⁴</span> <span class='ocrx_word' id='word_1_299' title='bbox 2003 4454 2084 4503; x_wconf 78' lang='lat' dir='ltr'><strong>die</strong></span> <span class='ocrx_word' id='word_1_300' title='bbox 2108 4454 2153 4502; x_wconf 89' lang='lat'><strong>6.</strong></span> <span class='ocrx_word' id='word_1_301' title='bbox 2185 4470 2242 4502; x_wconf 87' lang='lat' dir='ltr'><strong>m</strong></span> <span class='ocrx_word' id='word_1_302' title='bbox 2269 4470 2333 4502; x_wconf 86' lang='lat' dir='ltr'><strong>m.</strong></span> <span class='ocrx_word' id='word_1_303' title='bbox 2406 4469 2499 4502; x_wconf 86' lang='lat' dir='ltr'><strong>om.</strong></span> <span class='ocrx_word' id='word_1_304' title='bbox 2530 4451 2606 4515; x_wconf 86' lang='lat'><strong>38.</strong></span> 
     </span>
    </p>
   </div>
  </div>
 </body>
</html>
