3293 5225
498 437 563 473 22
1043 425 1567 476 PSALTERIVM:
1617 426 1716 476 IN
1761 427 1992 477 FERIA
2054 426 2362 487 QUINTA.

1396 648 1463 718 (Ι
1510 642 1850 706 ¹Psalmus
1877 660 1933 706 ‚2
1940 658 1996 722 7.

652 753 716 816 D
749 762 818 817 te
850 753 1122 817 domine
1152 755 1477 831 clamab0‚
1499 755 1686 818 Deus
1719 776 1906 819 meus
1937 776 2021 819 ne
2044 755 2242 820 sileas
2263 777 2304 819 a
2335 775 2444 819 me
2568 765 2635 820 et
2659 757 2914 821 extolle

678 840 826 904 illos
854 861 1066 924 vsque
1096 842 1161 903 in
1194 852 1514 906 eternum.

630 927 1026 1011 Antiphona.
1077 928 1410 991 Dominus
1442 929 1842 993 illuminatio
1875 950 2041 1006 mea,
2072 940 2140 994 et
2171 930 2350 994 salus
2382 950 2549 996 mea.

1431 1014 1712 1079 Deinde—⁹
1742 1016 2004 1099 Credo,⁸

629 1175 696 1245 (Ι
728 1169 789 1231 A
799 1170 854 1232 d
875 1169 1183 1235 tertiam.⁴
1273 1170 1669 1251 Antt'pltona.
1763 1169 2193 1237 Confitebor.⁸

1474 1282 1792 1346 Psalmus
1820 1300 1939 1362 ,91.

515 1393 856 1523 BOnum
888 1403 989 1458 est
1020 1392 1320 1457 confiteri
1354 1394 1630 1458 domino
1778 1416 1911 1458 non
1944 1407 2047 1459 est
2080 1395 2395 1480 iniquitas
2428 1398 2492 1460 in
2525 1419 2623 1462 eo,

1483 1594 1825 1658 “Psalmus
1854 1612 1971 1674 ‚92.

512 1704 935 1854 nginus
986 1706 1315 1788 regnauit5
1358 1706 1666 1770 decorem
1729 1706 1998 1770 indutus
2052 1717 2154 1771 est
2319 1709 2412 1771 ἰη7
2475 1708 2917 1791 longitudine⁸

725 1812 951 1858 lerum.

1378 1911 1445 1981 (Ι
1490 1906 1833 1968 ”Psalmus
1862 1957 1876 1970 .
1891 1921 2024 1984 107.

618 2016 901 2080 Aratum
959 2037 1072 2080 cor
1126 2038 1348 2080 meum
1400 2019 1583 2094 deu5‚
1614 2028 1923 2100 paratum
1979 2039 2092 2082 cor
2145 2040 2368 2084 meum
2519 2030 2585 2084 et
2640 2021 2780 2103 ipse
2826 2020 2912 2084 ad

646 2104 923 2167 nihilum
958 2104 1243 2168 deducet
1276 2104 1578 2167 inimicos
1613 2115 1893 2170 nostros

624 2190 1021 2273 Antzjolzona.
1070 2190 1457 2255 Confitebor
1487 2192 1605 2255 tibi
1639 2191 1706 2254 in
1741 2193 2002 2275 populis
2036 2194 2374 2259 domine.¹⁰

624 2348 691 2418 (Ι
724 2342 849 2405 Ad
867 2343 1184 2407 sextam.1¹
1275 2343 1337 2404 A
1349 2340 1675 2423 ntiplzona.
1773 2342 2056 2406 Immola
2087 2344 2436 2410 domin0.¹²

1410 2511 1477 2580 ([
1523 2504 1842 2567 Psalmus
1871 2521 1988 2584 .49.

652 2618 790 2680 Eus
841 2618 1116 2681 deorum
1172 2617 1484 2681 dominus
1535 2617 1795 2681 locutus
1826 2627 1928 2681 est
1957 2628 2059 2682 :et
2090 2620 2354 2682 vocauit
2392 2629 2634 2683 terram
2785 2640 2921 2701 quo

677 2704 1029 2769 ostendam
1066 2705 1156 2767 illi
1190 2705 1478 2768 salutare
1509 2704 1635 2769 dei.

1427 2867 1807 2930 ”psalmus
1837 2883 1956 2947 .74.

632 2979 1081 3045 Onfitebimur
1112 2980 1230 3044 tibi
1264 2981 1427 3042 deus
1459 2979 1924 3043 confitebimur
2069 2989 2137 3042 et
2167 2980 2647 3045 exaltabuntur
2676 3002 2924 3045 cornua

662 3068 833 3132 iusti.

603 3263 620 3294 ¹
659 3264 841 3313 Petitio
886 3264 1069 3314 Christi
1116 3266 1195 3312 vel
1243 3264 1479 3312 Ecclesiae
1525 3280 1615 3326 pro
1662 3264 1956 3313 liberatione
2011 3263 2077 3312 ab
2133 3264 2399 3328 impiorum
2458 3263 2776 3314 tribulatione
2801 3282 2815 3314 :
2872 3273 2921 3313 et

506 3332 775 3396 gratiarum
799 3330 930 3378 actio
954 3329 1135 3378 deuota
1159 3346 1250 3394 pro
1274 3346 1362 3378 sua
1385 3329 1702 3378 exauditione
1725 3348 1738 3378 :
1764 3337 1849 3392 pr.
1878 3328 1956 3377 61.
1987 3339 2081 3378 etc.

603 3394 626 3425 ²
659 3397 977 3458 Symbolum:
1014 3396 1122 3443 add.
1148 3408 1227 3456 43.
1257 3394 1336 3457 63.
1367 3394 1445 3443 66.

603 3459 626 3491 ⁸
659 3461 877 3510 Domine
900 3460 1096 3509 exaudi.
1158 3463 1385 3509 Oremus.
1427 3459 1646 3509 Domine
1670 3459 1792 3508 deus
1814 3458 2149 3523 omnipotens.
2213 3459 2587 3510 Benedicamus.
2652 3459 2916 3509 Fidelium.

514 3527 763 3576 Praetiosa.
840 3526 1025 3576 Sancta
1049 3526 1217 3574 maria.
1296 3526 1417 3574 Dies
1440 3537 1489 3574 et
1512 3536 1682 3574 actus:
1721 3526 1831 3573 add.
1861 3524 1939 3587 63.

603 3591 624 3621 ⁴
662 3592 804 3640 Pater
819 3600 1000 3640 noster.
1052 3594 1163 3640 Aue
1183 3591 1350 3640 maria.
1416 3592 1552 3639 Deus
1570 3590 1621 3639 in
1640 3589 1954 3639 adiutorium.
2019 3591 2166 3639 Nunc
2184 3599 2353 3640 sancte
2367 3590 2527 3639 nobis.
2590 3601 2618 3651 7
2647 3608 2661 3640 :
2695 3592 2808 3640 add.
2837 3590 2918 3652 63.

609 3655 630 3686 ³
664 3658 744 3706 De
766 3656 1108 3705 exhortatione
1131 3657 1194 3704 ad
1223 3657 1318 3704 Dei
1344 3655 1515 3704 laudes
1534 3672 1624 3719 pro
1646 3655 1856 3704 diuersis
1879 3655 2133 3720 beneficijs
2151 3654 2250 3705 suis
2270 3674 2282 3704 ε
2317 3671 2376 3705 ac
2399 3655 2462 3705 de
2486 3655 2624 3705 finali
2658 3655 2923 3720 impiorum

510 3722 809 3788 perditione,
834 3731 885 3771 et
910 3722 1148 3770 iustorum
1173 3721 1526 3771 retributione:
1562 3722 1675 3768 add.
1706 3721 1784 3769 61.
1815 3730 1907 3769 etc.

607 3785 629 3816 ⁶
664 3789 741 3837 De
787 3786 1049 3851 multiplici
1096 3787 1282 3837 Christi
1328 3787 1493 3845 laude,
1541 3802 1598 3834 ac
1646 3786 1784 3849 regni
1832 3787 1954 3844 eiuS,
2013 3786 2200 3835 scilicet
2258 3786 2479 3835 ecclesiae
2534 3785 2826 3835 fundatione
2874 3797 2923 3834 et

510 3853 793 3949 stab'ilitate.
814 3853 1118 3966 §lilatatione
1141 3862 1192 3900 et
1215 3852 1588 3916 impugnatione
1612 3870 1623 3900 :
1651 3861 1736 3915 pr.
1766 3851 1845 3899 61.
1875 3861 1968 3900 etc.

660 3935 752 3966 om.
848 3954 860 3966 .

609 3981 630 4012 ⁸
672 3930 811 4032 Thu}
826 3985 928 4031 also
952 3982 1029 4046 38.
1103 3981 1501 4045 longitudinem:
1539 3995 1617 4045 39.
1648 3993 1741 4031 etc.

609 4047 630 4078 ⁹
665 4050 745 4098 De
767 4048 1034 4113 gratiarum
1058 4049 1252 4097 actione
1277 4047 1463 4096 Christi
1487 4064 1579 4112 pro
1601 4047 1960 4111 glorificatione
1984 4066 1995 4096 ε
2040 4059 2086 4096 et
2123 4062 2214 4112 pro
2248 4047 2399 4097 totius
2432 4046 2608 4096 mundi
2642 4045 2925 4096 reconcilia-

511 4114 681 4165 tione:
716 4123 765 4163 et
788 4114 880 4162 sub
905 4113 1001 4162 fide
1026 4112 1310 4163 Christiana
1333 4113 1672 4162 subiectione:
1701 4125 1785 4176 pr.
1815 4113 1893 4162 61.
1924 4122 2017 4161 etc.

610 4177 649 4209 ¹⁰
682 4180 874 4227 oratio:
911 4180 1023 4228 add.
1052 4179 1132 4241 63.

607 4243 645 4275 ¹¹
683 4246 828 4294 Pater
851 4255 1032 4294 noster.
1105 4246 1216 4293 Aue
1239 4244 1408 4292 maria.
1484 4245 1621 4292 Deus
1646 4244 1697 4292 in
1719 4243 2036 4292 adiutorium.
2110 4243 2294 4292 Rector
2319 4252 2510 4307 potens.
2541 4255 2605 4305 9:
2640 4242 2751 4290 add.
2776 4241 2854 4304 63.

608 4307 646 4340 ¹²
689 4310 825 4359 Thus
839 4311 941 4358 also
956 4309 1033 4371 38.
1056 4326 1149 4358 om.
1176 4322 1253 4372 39.
1275 4318 1368 4358 etc.
1432 4309 1510 4358 De
1533 4308 1721 4374 duplici
1737 4309 1953 4358 aduentu
1971 4307 2174 4368 Christi,
2194 4308 2258 4357 de
2276 4307 2528 4371 sacrificijs
2547 4308 2726 4357 veteris
2744 4316 2794 4357 et
2810 4306 2927 4357 noui

508 4375 811 4431 testamenti.
839 4386 887 4424 et
913 4375 1259 4439 redargutione
1282 4391 1343 4424 ac
1366 4375 1644 4439 repulsione
1669 4374 1879 4423 indebiti
1904 4373 2117 4422 ministri
2140 4391 2152 4421 z
2189 4375 2301 4421 add.
2326 4373 2404 4422 61.
2435 4384 2528 4422 etc.

604 4441 646 4472 ¹³
679 4443 760 4490 De
799 4442 1145 4490 exhortatione
1175 4440 1240 4489 ad
1272 4439 1640 4490 humilitatem:
1677 4449 1730 4488 vt
1765 4438 2043 4489 districtum
2080 4439 2180 4487 Dei
2213 4437 2448 4488 iudicium
2473 4436 2702 4498 euitetur,
2739 4436 2790 4487 in
2824 4452 2930 4502 quo

505 4507 705 4572 superbi
729 4506 1113 4566 damnabuntur,
1141 4515 1189 4555 et
1214 4506 1426 4555 humiles
1450 4506 1832 4554 exaltabuntur:
1860 4513 1944 4568 pr.
1974 4504 2054 4553 61.
2084 4514 2177 4553 etc.
