<?xml version="1.0" encoding="UTF-8"?>
<!DOCTYPE html PUBLIC "-//W3C//DTD XHTML 1.0 Transitional//EN"
    "http://www.w3.org/TR/xhtml1/DTD/xhtml1-transitional.dtd">
<html xmlns="http://www.w3.org/1999/xhtml" xml:lang="en" lang="en">
 <head>
  <title>
</title>
<meta http-equiv="Content-Type" content="text/html;charset=utf-8" />
  <meta name='ocr-system' content='tesseract 3.04.00' />
  <meta name='ocr-capabilities' content='ocr_page ocr_carea ocr_par ocr_line ocrx_word'/>
</head>
<body>
  <div class='ocr_page' id='page_1' title='image "./secondrecension00legggoog_0278.png"; bbox 0 0 3293 5225; ppageno 0'>
   <div class='ocr_carea' id='block_1_1' title="bbox 501 470 2602 530">
    <p class='ocr_par' dir='ltr' id='par_1_1' title="bbox 501 470 2602 530">
     <span class='ocr_line' id='line_1_1' title="bbox 501 470 2602 530; baseline 0 -12"><span class='ocrx_word' id='word_1_1' title='bbox 501 483 598 530; x_wconf 88' lang='lat'>204</span> <span class='ocrx_word' id='word_1_2' title='bbox 828 471 1067 520; x_wconf 86' lang='lat' dir='ltr'><em>SABBA</em></span> <span class='ocrx_word' id='word_1_3' title='bbox 1082 471 1172 520; x_wconf 89' lang='lat' dir='ltr'>TO</span> <span class='ocrx_word' id='word_1_4' title='bbox 1204 471 1645 520; x_wconf 74' lang='lat' dir='ltr'><em>DOAHNJCAE</em></span> <span class='ocrx_word' id='word_1_5' title='bbox 1678 470 1778 520; x_wconf 84' lang='lat' dir='ltr'>IX.</span> <span class='ocrx_word' id='word_1_6' title='bbox 1820 470 2012 518; x_wconf 85' lang='lat' dir='ltr'><em>POST</em></span> <span class='ocrx_word' id='word_1_7' title='bbox 2035 470 2602 519; x_wconf 75' lang='lat' dir='ltr'><em>PENTECOSTEN.</em></span> 
     </span>
    </p>
   </div>
   <div class='ocr_carea' id='block_1_2' title="bbox 510 671 2915 1065">
    <p class='ocr_par' dir='ltr' id='par_1_2' title="bbox 510 671 2915 1065">
     <span class='ocr_line' id='line_1_2' title="bbox 978 671 2435 755; baseline 0 -19"><span class='ocrx_word' id='word_1_8' title='bbox 978 681 1045 750; x_wconf 99' lang='grc' dir='ltr'>(Ι</span> <span class='ocrx_word' id='word_1_9' title='bbox 1089 675 1287 736; x_wconf 78' lang='lat' dir='ltr'><em>Feria</em></span> <span class='ocrx_word' id='word_1_10' title='bbox 1319 675 1430 755; x_wconf 68' lang='lat' dir='ltr'>jis.</span> <span class='ocrx_word' id='word_1_11' title='bbox 1519 673 1631 735; x_wconf 75' lang='lat' dir='ltr'>Ex</span> <span class='ocrx_word' id='word_1_12' title='bbox 1660 674 1717 737; x_wconf 88' lang='lat' dir='ltr'>.i.</span> <span class='ocrx_word' id='word_1_13' title='bbox 1747 671 2044 755; x_wconf 79' lang='lat' dir='ltr'><em>Regwn.¹</em></span> <span class='ocrx_word' id='word_1_14' title='bbox 2135 673 2347 735; x_wconf 85' lang='lat' dir='ltr'><em>Lectio</em></span> <span class='ocrx_word' id='word_1_15' title='bbox 2377 672 2435 736; x_wconf 91' lang='lat' dir='ltr'>.i.</span> 
     </span>
     <span class='ocr_line' id='line_1_3' title="bbox 510 758 2915 891; baseline -0.001 -66"><span class='ocrx_word' id='word_1_16' title='bbox 510 758 936 891; x_wconf 77' lang='lat' dir='ltr'>Cognouit</span> <span class='ocrx_word' id='word_1_17' title='bbox 997 770 1221 861; x_wconf 78' lang='lat' dir='ltr'>autem</span> <span class='ocrx_word' id='word_1_18' title='bbox 1258 761 1513 824; x_wconf 88' lang='lat' dir='ltr'>Elcana</span> <span class='ocrx_word' id='word_1_19' title='bbox 1561 761 1833 823; x_wconf 88' lang='lat' dir='ltr'>Annam</span> <span class='ocrx_word' id='word_1_20' title='bbox 1881 780 2158 823; x_wconf 84' lang='lat' dir='ltr'><em>onrem</em></span> <span class='ocrx_word' id='word_1_21' title='bbox 2215 780 2403 822; x_wconf 86' lang='lat' dir='ltr'>suam</span> <span class='ocrx_word' id='word_1_22' title='bbox 2557 760 2648 823; x_wconf 89' lang='lat' dir='ltr'>Et</span> <span class='ocrx_word' id='word_1_23' title='bbox 2697 761 2915 824; x_wconf 89' lang='lat' dir='ltr'>orauit</span> 
     </span>
     <span class='ocr_line' id='line_1_4' title="bbox 664 848 1124 925; baseline 0.002 -15"><span class='ocrx_word' id='word_1_24' title='bbox 664 848 885 925; x_wconf 85' lang='lat' dir='ltr'>Anna,</span> <span class='ocrx_word' id='word_1_25' title='bbox 914 858 982 911; x_wconf 93' lang='lat' dir='ltr'>et</span> <span class='ocrx_word' id='word_1_26' title='bbox 1015 858 1124 912; x_wconf 87' lang='lat' dir='ltr'>a1t.</span> 
     </span>
     <span class='ocr_line' id='line_1_5' title="bbox 1021 983 2394 1065; baseline 0 -17"><span class='ocrx_word' id='word_1_27' title='bbox 1021 992 1088 1061; x_wconf 99' lang='grc' dir='ltr'>(Ι</span> <span class='ocrx_word' id='word_1_28' title='bbox 1136 985 1503 1048; x_wconf 83' lang='lat' dir='ltr'><em>Secundum</em></span> <span class='ocrx_word' id='word_1_29' title='bbox 1534 983 1952 1047; x_wconf 59' lang='lat' dir='ltr'><em>Mamaeum?</em></span> <span class='ocrx_word' id='word_1_30' title='bbox 2069 984 2279 1045; x_wconf 81' lang='lat' dir='ltr'><em>Lectio</em></span> <span class='ocrx_word' id='word_1_31' title='bbox 2310 985 2394 1065; x_wconf 63' lang='lat' dir='ltr'>,ill</span> 
     </span>
    </p>
   </div>
   <div class='ocr_carea' id='block_1_3' title="bbox 588 1094 2912 1266">
    <p class='ocr_par' dir='ltr' id='par_1_3' title="bbox 588 1094 2912 1266">
     <span class='ocr_line' id='line_1_6' title="bbox 588 1094 2912 1179; baseline 0.001 -21"><span class='ocrx_word' id='word_1_32' title='bbox 588 1096 650 1158; x_wconf 91' lang='grc' dir='ltr'>Ν</span> <span class='ocrx_word' id='word_1_33' title='bbox 714 1097 949 1160; x_wconf 86' lang='lat' dir='ltr'>diebus</span> <span class='ocrx_word' id='word_1_34' title='bbox 1010 1105 1235 1160; x_wconf 87' lang='lat' dir='ltr'>autem</span> <span class='ocrx_word' id='word_1_35' title='bbox 1291 1098 1416 1159; x_wconf 87' lang='lat' dir='ltr'>illis</span> <span class='ocrx_word' id='word_1_36' title='bbox 1470 1098 1653 1159; x_wconf 87' lang='lat' dir='ltr'>venit</span> <span class='ocrx_word' id='word_1_37' title='bbox 1712 1096 1997 1159; x_wconf 88' lang='lat' dir='ltr'>Ioannes</span> <span class='ocrx_word' id='word_1_38' title='bbox 2060 1096 2349 1179; x_wconf 86' lang='lat' dir='ltr'>baptista</span> <span class='ocrx_word' id='word_1_39' title='bbox 2499 1094 2671 1159; x_wconf 84' lang='lat' dir='ltr'>filius</span> <span class='ocrx_word' id='word_1_40' title='bbox 2726 1116 2912 1160; x_wconf 86' lang='lat' dir='ltr'>meus</span> 
     </span>
     <span class='ocr_line' id='line_1_7' title="bbox 613 1183 1793 1266; baseline 0.001 -20"><span class='ocrx_word' id='word_1_41' title='bbox 613 1183 894 1247; x_wconf 88' lang='lat' dir='ltr'>dilectus</span> <span class='ocrx_word' id='word_1_42' title='bbox 928 1186 993 1247; x_wconf 89' lang='lat' dir='ltr'>in</span> <span class='ocrx_word' id='word_1_43' title='bbox 1027 1204 1161 1265; x_wconf 90' lang='lat' dir='ltr'>quo</span> <span class='ocrx_word' id='word_1_44' title='bbox 1194 1185 1353 1247; x_wconf 85' lang='lat' dir='ltr'>mihi</span> <span class='ocrx_word' id='word_1_45' title='bbox 1401 1185 1793 1266; x_wconf 86' lang='lat' dir='ltr'><strong>complacui.</strong></span> 
     </span>
    </p>
   </div>
   <div class='ocr_carea' id='block_1_4' title="bbox 513 1457 2916 1587">
    <p class='ocr_par' dir='ltr' id='par_1_4' title="bbox 513 1457 2916 1587">
     <span class='ocr_line' id='line_1_8' title="bbox 513 1457 2916 1587; baseline 0 -66"><span class='ocrx_word' id='word_1_46' title='bbox 513 1457 949 1587; x_wconf 79' lang='lat' dir='ltr'>EXultauit</span> <span class='ocrx_word' id='word_1_47' title='bbox 980 1479 1093 1521; x_wconf 87' lang='lat' dir='ltr'>cor</span> <span class='ocrx_word' id='word_1_48' title='bbox 1124 1479 1344 1522; x_wconf 87' lang='lat' dir='ltr'>meum</span> <span class='ocrx_word' id='word_1_49' title='bbox 1380 1460 1445 1522; x_wconf 87' lang='lat' dir='ltr'>in</span> <span class='ocrx_word' id='word_1_50' title='bbox 1480 1459 1756 1521; x_wconf 86' lang='lat' dir='ltr'>domino</span> <span class='ocrx_word' id='word_1_51' title='bbox 1905 1469 2060 1521; x_wconf 90' lang='lat' dir='ltr'>ante</span> <span class='ocrx_word' id='word_1_52' title='bbox 2093 1457 2326 1520; x_wconf 88' lang='lat' dir='ltr'>faciem</span> <span class='ocrx_word' id='word_1_53' title='bbox 2355 1458 2510 1520; x_wconf 89' lang='lat' dir='ltr'>Heli</span> <span class='ocrx_word' id='word_1_54' title='bbox 2535 1458 2916 1522; x_wconf 77' lang='lat' dir='ltr'>sacerdotis,</span> 
     </span>
    </p>
   </div>
   <div class='ocr_carea' id='block_1_5' title="bbox 506 1681 2917 1945">
    <p class='ocr_par' dir='ltr' id='par_1_5' title="bbox 506 1681 2917 1945">
     <span class='ocr_line' id='line_1_9' title="bbox 1021 1681 2373 1764; baseline 0.001 -19"><span class='ocrx_word' id='word_1_55' title='bbox 1021 1689 1086 1758; x_wconf 88' lang='grc' dir='ltr'>(Ι</span> <span class='ocrx_word' id='word_1_56' title='bbox 1137 1683 1504 1745; x_wconf 80' lang='lat' dir='ltr'><em>Secundum</em></span> <span class='ocrx_word' id='word_1_57' title='bbox 1537 1681 1956 1746; x_wconf 51' lang='lat' dir='ltr'><em>Mamaeum}</em></span> <span class='ocrx_word' id='word_1_58' title='bbox 2047 1681 2257 1744; x_wconf 81' lang='lat' dir='ltr'><em>Lectio</em></span> <span class='ocrx_word' id='word_1_59' title='bbox 2289 1683 2373 1764; x_wconf 70' lang='grc' dir='ltr'><strong>.ῃῖ</strong></span> 
     </span>
     <span class='ocr_line' id='line_1_10' title="bbox 506 1791 2917 1944; baseline 0 -88"><span class='ocrx_word' id='word_1_60' title='bbox 506 1794 825 1944; x_wconf 45' lang='lat' dir='ltr'>Tli&#39;ncd</span> <span class='ocrx_word' id='word_1_61' title='bbox 858 1795 1040 1857; x_wconf 88' lang='lat' dir='ltr'>Iesus</span> <span class='ocrx_word' id='word_1_62' title='bbox 1101 1793 1339 1857; x_wconf 89' lang='lat' dir='ltr'>ductus</span> <span class='ocrx_word' id='word_1_63' title='bbox 1398 1804 1498 1856; x_wconf 87' lang='lat' dir='ltr'>est</span> <span class='ocrx_word' id='word_1_64' title='bbox 1560 1794 1624 1855; x_wconf 88' lang='lat' dir='ltr'>in</span> <span class='ocrx_word' id='word_1_65' title='bbox 1688 1793 2022 1857; x_wconf 84' lang='lat' dir='ltr'>desertum</span> <span class='ocrx_word' id='word_1_66' title='bbox 2102 1814 2141 1855; x_wconf 89' lang='lat' dir='ltr'>a</span> <span class='ocrx_word' id='word_1_67' title='bbox 2216 1793 2447 1876; x_wconf 84' lang='lat' dir='ltr'>spiritu</span> <span class='ocrx_word' id='word_1_68' title='bbox 2595 1791 2688 1856; x_wconf 82' lang='lat' dir='ltr'>et⁶</span> <span class='ocrx_word' id='word_1_69' title='bbox 2733 1802 2917 1856; x_wconf 86' lang='lat' dir='ltr'>trans</span> 
     </span>
     <span class='ocr_line' id='line_1_11' title="bbox 707 1901 1044 1945; baseline 0.003 -2"><span class='ocrx_word' id='word_1_70' title='bbox 707 1902 780 1943; x_wconf 86' lang='lat' dir='ltr'>or</span> <span class='ocrx_word' id='word_1_71' title='bbox 829 1901 1044 1945; x_wconf 88' lang='lat' dir='ltr'>anem.</span> 
     </span>
    </p>
   </div>
   <div class='ocr_carea' id='block_1_6' title="bbox 643 2016 2771 2100">
    <p class='ocr_par' dir='ltr' id='par_1_6' title="bbox 643 2016 2771 2100">
     <span class='ocr_line' id='line_1_12' title="bbox 643 2016 2771 2100; baseline 0.001 -21"><span class='ocrx_word' id='word_1_72' title='bbox 643 2024 708 2093; x_wconf 89' lang='grc' dir='ltr'>(Ι</span> <span class='ocrx_word' id='word_1_73' title='bbox 755 2018 952 2080; x_wconf 85' lang='lat' dir='ltr'><em>Feria</em></span> <span class='ocrx_word' id='word_1_74' title='bbox 982 2019 1229 2100; x_wconf 81' lang='lat' dir='ltr'><em>quinta.</em></span> <span class='ocrx_word' id='word_1_75' title='bbox 1319 2018 1430 2081; x_wconf 77' lang='lat' dir='ltr'>Ex</span> <span class='ocrx_word' id='word_1_76' title='bbox 1456 2016 1644 2080; x_wconf 80' lang='lat' dir='ltr'><em>libro⁷</em></span> <span class='ocrx_word' id='word_1_77' title='bbox 1661 2018 1884 2099; x_wconf 83' lang='lat' dir='ltr'><em>primo</em></span> <span class='ocrx_word' id='word_1_78' title='bbox 1914 2016 2211 2099; x_wconf 73' lang='lat' dir='ltr'>Regunz.⁸</span> <span class='ocrx_word' id='word_1_79' title='bbox 2299 2018 2511 2080; x_wconf 81' lang='lat' dir='ltr'><em>Lectio</em></span> <span class='ocrx_word' id='word_1_80' title='bbox 2526 2017 2771 2100; x_wconf 85' lang='lat' dir='ltr'><em>prima.</em></span> 
     </span>
    </p>
   </div>
   <div class='ocr_carea' id='block_1_7' title="bbox 515 2128 2913 2281">
    <p class='ocr_par' dir='ltr' id='par_1_7' title="bbox 515 2128 2913 2281">
     <span class='ocr_line' id='line_1_13' title="bbox 515 2128 2913 2258; baseline -0 -64"><span class='ocrx_word' id='word_1_81' title='bbox 515 2128 830 2258; x_wconf 42' lang='lat' dir='ltr'>Porro.</span> <span class='ocrx_word' id='word_1_82' title='bbox 874 2129 986 2230; x_wconf 64' lang='lat' dir='ltr'>filij</span> <span class='ocrx_word' id='word_1_83' title='bbox 1074 2131 1273 2193; x_wconf 88' lang='lat' dir='ltr'>Heli:</span> <span class='ocrx_word' id='word_1_84' title='bbox 1336 2129 1449 2211; x_wconf 89' lang='lat' dir='ltr'>filij</span> <span class='ocrx_word' id='word_1_85' title='bbox 1536 2130 1853 2194; x_wconf 90' lang='lat' dir='ltr'>Belial</span> <span class='ocrx_word' id='word_1_86' title='bbox 1893 2130 2198 2212; x_wconf 83' lang='lat' dir='ltr'>placebat</span> <span class='ocrx_word' id='word_1_87' title='bbox 2278 2138 2415 2192; x_wconf 89' lang='lat' dir='ltr'>tam</span> <span class='ocrx_word' id='word_1_88' title='bbox 2481 2129 2630 2192; x_wconf 92' lang='lat' dir='ltr'>Deo</span> <span class='ocrx_word' id='word_1_89' title='bbox 2711 2149 2913 2212; x_wconf 89' lang='lat' dir='ltr'>quam</span> 
     </span>
     <span class='ocr_line' id='line_1_14' title="bbox 650 2217 1048 2281; baseline 0.008 -3"><span class='ocrx_word' id='word_1_90' title='bbox 650 2217 1048 2281; x_wconf 77' lang='lat' dir='ltr'>hommlbuS.</span> 
     </span>
    </p>
   </div>
   <div class='ocr_carea' id='block_1_8' title="bbox 1040 2351 2398 2436">
    <p class='ocr_par' dir='ltr' id='par_1_8' title="bbox 1040 2351 2398 2436">
     <span class='ocr_line' id='line_1_15' title="bbox 1040 2351 2398 2436; baseline 0 -18"><span class='ocrx_word' id='word_1_91' title='bbox 1040 2361 1107 2430; x_wconf 98' lang='grc' dir='ltr'>(Ι</span> <span class='ocrx_word' id='word_1_92' title='bbox 1158 2355 1525 2418; x_wconf 80' lang='lat' dir='ltr'><em>Secundum</em></span> <span class='ocrx_word' id='word_1_93' title='bbox 1556 2351 1982 2417; x_wconf 59' lang='lat' dir='ltr'><em>Mattheum?</em></span> <span class='ocrx_word' id='word_1_94' title='bbox 2069 2353 2281 2415; x_wconf 81' lang='lat' dir='ltr'><em>Lectio</em></span> <span class='ocrx_word' id='word_1_95' title='bbox 2313 2354 2398 2436; x_wconf 64' lang='grc' dir='ltr'><strong>ᾔ.</strong></span> 
     </span>
    </p>
   </div>
   <div class='ocr_carea' id='block_1_9' title="bbox 645 2465 2919 2618">
    <p class='ocr_par' dir='ltr' id='par_1_9' title="bbox 645 2465 2919 2618">
     <span class='ocr_line' id='line_1_16' title="bbox 645 2465 2919 2530; baseline 0 -3"><span class='ocrx_word' id='word_1_96' title='bbox 645 2465 845 2530; x_wconf 87' lang='lat' dir='ltr'>Idens</span> <span class='ocrx_word' id='word_1_97' title='bbox 922 2477 1146 2530; x_wconf 88' lang='lat' dir='ltr'>autem</span> <span class='ocrx_word' id='word_1_98' title='bbox 1227 2466 1414 2529; x_wconf 87' lang='lat' dir='ltr'>Iesus</span> <span class='ocrx_word' id='word_1_99' title='bbox 1490 2466 1720 2528; x_wconf 86' lang='lat' dir='ltr'>turbas</span> <span class='ocrx_word' id='word_1_100' title='bbox 1797 2465 2095 2528; x_wconf 86' lang='lat' dir='ltr'>ascendit</span> <span class='ocrx_word' id='word_1_101' title='bbox 2172 2465 2234 2526; x_wconf 88' lang='lat' dir='ltr'>in</span> <span class='ocrx_word' id='word_1_102' title='bbox 2314 2474 2723 2528; x_wconf 87' lang='lat' dir='ltr'>montem</span> <span class='ocrx_word' id='word_1_103' title='bbox 2760 2474 2919 2527; x_wconf 88' lang='lat' dir='ltr'>tunc</span> 
     </span>
     <span class='ocr_line' id='line_1_17' title="bbox 669 2552 1655 2618; baseline 0.003 -3"><span class='ocrx_word' id='word_1_104' title='bbox 669 2553 944 2618; x_wconf 87' lang='lat' dir='ltr'>veniens</span> <span class='ocrx_word' id='word_1_105' title='bbox 974 2552 1140 2617; x_wconf 83' lang='lat' dir='ltr'>offer</span> <span class='ocrx_word' id='word_1_106' title='bbox 1172 2573 1412 2617; x_wconf 88' lang='lat' dir='ltr'>munus</span> <span class='ocrx_word' id='word_1_107' title='bbox 1444 2562 1655 2618; x_wconf 89' lang='lat' dir='ltr'>tuum.</span> 
     </span>
    </p>
   </div>
   <div class='ocr_carea' id='block_1_10' title="bbox 778 2687 2661 2771">
    <p class='ocr_par' dir='ltr' id='par_1_10' title="bbox 778 2687 2661 2771">
     <span class='ocr_line' id='line_1_18' title="bbox 778 2687 2661 2771; baseline -0.001 -18"><span class='ocrx_word' id='word_1_108' title='bbox 778 2698 846 2767; x_wconf 96' lang='grc' dir='ltr'>(Ι</span> <span class='ocrx_word' id='word_1_109' title='bbox 890 2692 1088 2753; x_wconf 82' lang='lat' dir='ltr'><em>Feria</em></span> <span class='ocrx_word' id='word_1_110' title='bbox 1117 2702 1312 2755; x_wconf 79' lang='lat' dir='ltr'><em>sexta.</em></span> <span class='ocrx_word' id='word_1_111' title='bbox 1403 2690 1514 2754; x_wconf 78' lang='lat' dir='ltr'>Ex</span> <span class='ocrx_word' id='word_1_112' title='bbox 1526 2690 1749 2771; x_wconf 80' lang='lat' dir='ltr'><em>primo</em></span> <span class='ocrx_word' id='word_1_113' title='bbox 1772 2687 2098 2771; x_wconf 77' lang='lat' dir='ltr'>Regum.¹⁰</span> <span class='ocrx_word' id='word_1_114' title='bbox 2188 2689 2399 2751; x_wconf 82' lang='lat' dir='ltr'><em>Lectio</em></span> <span class='ocrx_word' id='word_1_115' title='bbox 2414 2690 2661 2770; x_wconf 82' lang='lat' dir='ltr'><em>prima.</em></span> 
     </span>
    </p>
   </div>
   <div class='ocr_carea' id='block_1_11' title="bbox 644 2801 2917 2975">
    <p class='ocr_par' dir='ltr' id='par_1_11' title="bbox 644 2801 2917 2975">
     <span class='ocr_line' id='line_1_19' title="bbox 644 2801 2917 2879; baseline -0.001 -13"><span class='ocrx_word' id='word_1_116' title='bbox 644 2804 807 2867; x_wconf 85' lang='lat' dir='ltr'>Enit</span> <span class='ocrx_word' id='word_1_117' title='bbox 866 2814 1091 2868; x_wconf 90' lang='lat' dir='ltr'>autem</span> <span class='ocrx_word' id='word_1_118' title='bbox 1153 2807 1251 2867; x_wconf 89' lang='lat' dir='ltr'>vir</span> <span class='ocrx_word' id='word_1_119' title='bbox 1315 2804 1442 2867; x_wconf 91' lang='lat' dir='ltr'>Dei</span> <span class='ocrx_word' id='word_1_120' title='bbox 1503 2804 1588 2866; x_wconf 90' lang='lat' dir='ltr'>ad</span> <span class='ocrx_word' id='word_1_121' title='bbox 1657 2802 1833 2879; x_wconf 91' lang='lat' dir='ltr'>Heli,</span> <span class='ocrx_word' id='word_1_122' title='bbox 1893 2812 1958 2865; x_wconf 90' lang='lat' dir='ltr'><em>et</em></span> <span class='ocrx_word' id='word_1_123' title='bbox 2014 2803 2107 2865; x_wconf 88' lang='lat' dir='ltr'>ait</span> <span class='ocrx_word' id='word_1_124' title='bbox 2159 2801 2243 2864; x_wconf 91' lang='lat' dir='ltr'>ad</span> <span class='ocrx_word' id='word_1_125' title='bbox 2278 2821 2430 2864; x_wconf 90' lang='lat' dir='ltr'>eum</span> <span class='ocrx_word' id='word_1_126' title='bbox 2470 2801 2917 2865; x_wconf 87' lang='lat' dir='ltr'>...comedam</span> 
     </span>
     <span class='ocr_line' id='line_1_20' title="bbox 670 2891 1268 2975; baseline 0.002 -21"><span class='ocrx_word' id='word_1_127' title='bbox 670 2891 1035 2955; x_wconf 89' lang='lat' dir='ltr'>buccellam</span> <span class='ocrx_word' id='word_1_128' title='bbox 1060 2892 1268 2975; x_wconf 79' lang='lat' dir='ltr'>panis,</span> 
     </span>
    </p>
   </div>
   <div class='ocr_carea' id='block_1_12' title="bbox 1026 3040 2402 3124">
    <p class='ocr_par' dir='ltr' id='par_1_12' title="bbox 1026 3040 2402 3124">
     <span class='ocr_line' id='line_1_21' title="bbox 1026 3040 2402 3124; baseline -0.003 -15"><span class='ocrx_word' id='word_1_129' title='bbox 1026 3052 1091 3121; x_wconf 87' lang='grc' dir='ltr'>(Ι</span> <span class='ocrx_word' id='word_1_130' title='bbox 1143 3045 1510 3109; x_wconf 80' lang='lat' dir='ltr'><em>Secundum</em></span> <span class='ocrx_word' id='word_1_131' title='bbox 1541 3040 1985 3107; x_wconf 77' lang='lat' dir='ltr'><em>Mattheum.¹1</em></span> <span class='ocrx_word' id='word_1_132' title='bbox 2075 3042 2287 3104; x_wconf 86' lang='lat' dir='ltr'><em>Lectio</em></span> <span class='ocrx_word' id='word_1_133' title='bbox 2318 3042 2402 3124; x_wconf 69' lang='grc' dir='ltr'><strong>.ῂῖ</strong></span> 
     </span>
    </p>
   </div>
   <div class='ocr_carea' id='block_1_13' title="bbox 641 3152 2923 3326">
    <p class='ocr_par' dir='ltr' id='par_1_13' title="bbox 641 3152 2923 3326">
     <span class='ocr_line' id='line_1_22' title="bbox 641 3152 2923 3236; baseline -0.002 -17"><span class='ocrx_word' id='word_1_134' title='bbox 641 3155 765 3219; x_wconf 85' lang='lat' dir='ltr'>Sto</span> <span class='ocrx_word' id='word_1_135' title='bbox 813 3158 1236 3221; x_wconf 88' lang='lat' dir='ltr'>consentiens</span> <span class='ocrx_word' id='word_1_136' title='bbox 1281 3156 1663 3220; x_wconf 84' lang='lat' dir='ltr'>aduersario</span> <span class='ocrx_word' id='word_1_137' title='bbox 1710 3164 1826 3218; x_wconf 91' lang='lat' dir='ltr'>tuo</span> <span class='ocrx_word' id='word_1_138' title='bbox 1872 3155 2005 3217; x_wconf 86' lang='lat' dir='ltr'>cito</span> <span class='ocrx_word' id='word_1_139' title='bbox 2155 3163 2342 3236; x_wconf 86' lang='lat' dir='ltr'>pater</span> <span class='ocrx_word' id='word_1_140' title='bbox 2399 3162 2618 3216; x_wconf 88' lang='lat' dir='ltr'>vester</span> <span class='ocrx_word' id='word_1_141' title='bbox 2662 3152 2923 3217; x_wconf 89' lang='lat' dir='ltr'>celestis</span> 
     </span>
     <span class='ocr_line' id='line_1_23' title="bbox 668 3244 1141 3326; baseline 0.002 -20"><span class='ocrx_word' id='word_1_142' title='bbox 668 3244 994 3326; x_wconf 85' lang='lat' dir='ltr'>perfectus</span> <span class='ocrx_word' id='word_1_143' title='bbox 1023 3255 1141 3308; x_wconf 91' lang='lat' dir='ltr'>est.</span> 
     </span>
    </p>
   </div>
   <div class='ocr_carea' id='block_1_14' title="bbox 714 3393 2720 3477">
    <p class='ocr_par' dir='ltr' id='par_1_14' title="bbox 714 3393 2720 3477">
     <span class='ocr_line' id='line_1_24' title="bbox 714 3393 2720 3477; baseline -0.001 -16"><span class='ocrx_word' id='word_1_144' title='bbox 714 3404 782 3473; x_wconf 94' lang='grc' dir='ltr'>(Ι</span> <span class='ocrx_word' id='word_1_145' title='bbox 831 3398 1128 3462; x_wconf 82' lang='lat' dir='ltr'><em>Sabbato.</em></span> <span class='ocrx_word' id='word_1_146' title='bbox 1218 3398 1329 3460; x_wconf 75' lang='lat' dir='ltr'>Ex</span> <span class='ocrx_word' id='word_1_147' title='bbox 1354 3395 1566 3458; x_wconf 73' lang='lat' dir='ltr'>libro12</span> <span class='ocrx_word' id='word_1_148' title='bbox 1583 3396 1806 3477; x_wconf 84' lang='lat' dir='ltr'><em>primo</em></span> <span class='ocrx_word' id='word_1_149' title='bbox 1835 3393 2159 3475; x_wconf 54' lang='lat' dir='ltr'>Regycmss</span> <span class='ocrx_word' id='word_1_150' title='bbox 2245 3394 2458 3458; x_wconf 85' lang='lat' dir='ltr'><em>Lectio</em></span> <span class='ocrx_word' id='word_1_151' title='bbox 2472 3395 2720 3475; x_wconf 79' lang='lat' dir='ltr'><em>prima.</em></span> 
     </span>
    </p>
   </div>
   <div class='ocr_carea' id='block_1_15' title="bbox 621 3506 2921 3678">
    <p class='ocr_par' dir='ltr' id='par_1_15' title="bbox 621 3506 2921 3678">
     <span class='ocr_line' id='line_1_25' title="bbox 621 3506 2921 3573; baseline -0.001 -1"><span class='ocrx_word' id='word_1_152' title='bbox 621 3508 762 3572; x_wconf 87' lang='lat' dir='ltr'>Ver</span> <span class='ocrx_word' id='word_1_153' title='bbox 818 3519 1043 3572; x_wconf 89' lang='lat' dir='ltr'>autem</span> <span class='ocrx_word' id='word_1_154' title='bbox 1109 3509 1377 3573; x_wconf 85' lang='lat' dir='ltr'>Samuel</span> <span class='ocrx_word' id='word_1_155' title='bbox 1445 3508 1862 3570; x_wconf 86' lang='lat' dir='ltr'>ministrabat</span> <span class='ocrx_word' id='word_1_156' title='bbox 2057 3507 2346 3570; x_wconf 86' lang='lat' dir='ltr'>victimis</span> <span class='ocrx_word' id='word_1_157' title='bbox 2406 3515 2472 3569; x_wconf 93' lang='lat' dir='ltr'><em>et</em></span> <span class='ocrx_word' id='word_1_158' title='bbox 2536 3506 2921 3570; x_wconf 86' lang='lat' dir='ltr'>muneribus</span> 
     </span>
     <span class='ocr_line' id='line_1_26' title="bbox 650 3597 1319 3678; baseline 0.001 -20"><span class='ocrx_word' id='word_1_159' title='bbox 650 3617 860 3678; x_wconf 90' lang='lat' dir='ltr'>vsque</span> <span class='ocrx_word' id='word_1_160' title='bbox 895 3597 959 3660; x_wconf 89' lang='lat' dir='ltr'>in</span> <span class='ocrx_word' id='word_1_161' title='bbox 995 3607 1319 3660; x_wconf 88' lang='lat' dir='ltr'>eternum.</span> 
     </span>
    </p>
   </div>
   <div class='ocr_carea' id='block_1_16' title="bbox 646 3730 2924 3926">
    <p class='ocr_par' dir='ltr' id='par_1_16' title="bbox 646 3730 2924 3926">
     <span class='ocr_line' id='line_1_27' title="bbox 1019 3730 2400 3813; baseline -0.001 -17"><span class='ocrx_word' id='word_1_162' title='bbox 1019 3740 1087 3809; x_wconf 95' lang='grc' dir='ltr'>(Ι</span> <span class='ocrx_word' id='word_1_163' title='bbox 1137 3732 1504 3797; x_wconf 80' lang='lat' dir='ltr'><em>Secundum</em></span> <span class='ocrx_word' id='word_1_164' title='bbox 1536 3730 1985 3794; x_wconf 67' lang='lat' dir='ltr'><em>Mattheum.1⁴</em></span> <span class='ocrx_word' id='word_1_165' title='bbox 2071 3731 2284 3795; x_wconf 86' lang='lat' dir='ltr'><em>Lectio</em></span> <span class='ocrx_word' id='word_1_166' title='bbox 2316 3731 2400 3813; x_wconf 58' lang='lat' dir='ltr'>js.</span> 
     </span>
     <span class='ocr_line' id='line_1_28' title="bbox 646 3843 2924 3926; baseline -0.001 -19"><span class='ocrx_word' id='word_1_167' title='bbox 646 3843 966 3908; x_wconf 86' lang='lat' dir='ltr'>Ttendite</span> <span class='ocrx_word' id='word_1_168' title='bbox 986 3865 1069 3908; x_wconf 89' lang='lat' dir='ltr'>ne</span> <span class='ocrx_word' id='word_1_169' title='bbox 1102 3846 1421 3909; x_wconf 85' lang='lat' dir='ltr'>iustitiam</span> <span class='ocrx_word' id='word_1_170' title='bbox 1459 3853 1749 3907; x_wconf 86' lang='lat' dir='ltr'>vestram</span> <span class='ocrx_word' id='word_1_171' title='bbox 1785 3843 2039 3907; x_wconf 84' lang='lat' dir='ltr'>faciatis</span> <span class='ocrx_word' id='word_1_172' title='bbox 2189 3845 2327 3926; x_wconf 88' lang='lat' dir='ltr'>ipse</span> <span class='ocrx_word' id='word_1_173' title='bbox 2359 3843 2631 3906; x_wconf 86' lang='lat' dir='ltr'>tenebre</span> <span class='ocrx_word' id='word_1_174' title='bbox 2675 3852 2924 3925; x_wconf 89' lang='lat' dir='ltr'>quante</span> 
     </span>
    </p>
   </div>
   <div class='ocr_carea' id='block_1_17' title="bbox 581 3938 2663 4539">
    <p class='ocr_par' dir='ltr' id='par_1_17' title="bbox 581 3938 2663 4539">
     <span class='ocr_line' id='line_1_29' title="bbox 672 3938 911 3995; baseline 0 0"><span class='ocrx_word' id='word_1_175' title='bbox 672 3943 865 3995; x_wconf 84' lang='lat' dir='ltr'>erunt</span> <span class='ocrx_word' id='word_1_176' title='bbox 884 3938 911 3995; x_wconf 85' lang='lat'>?</span> 
     </span>
     <span class='ocr_line' id='line_1_30' title="bbox 601 4081 2663 4212; baseline -0 -14"><span class='ocrx_word' id='word_1_177' title='bbox 601 4083 622 4177; x_wconf 65' lang='lat' dir='ltr'>f.</span> <span class='ocrx_word' id='word_1_178' title='bbox 651 4084 964 4212; x_wconf 48' lang='lat' dir='ltr'>{233⁸st</span> <span class='ocrx_word' id='word_1_179' title='bbox 993 4162 1076 4210; x_wconf 72' lang='lat'>49.</span> <span class='ocrx_word' id='word_1_180' title='bbox 1103 4149 1185 4198; x_wconf 71' lang='lat'>⁶1.</span> <span class='ocrx_word' id='word_1_181' title='bbox 1941 4081 1966 4176; x_wconf 72' lang='grc' dir='ltr'>ἶ</span> <span class='ocrx_word' id='word_1_182' title='bbox 1999 4082 2663 4212; x_wconf 52' lang='lat' dir='ltr'>{3ae23&#39;3·‚1&#39;2;2fi{}·1.¹s.¹3;31</span> 
     </span>
     <span class='ocr_line' id='line_1_31' title="bbox 600 4210 2460 4277; baseline -0.002 -13"><span class='ocrx_word' id='word_1_183' title='bbox 600 4214 621 4243; x_wconf 76' lang='lat'>⁵</span> <span class='ocrx_word' id='word_1_184' title='bbox 654 4214 744 4264; x_wconf 80' lang='lat' dir='ltr'>Ca.</span> <span class='ocrx_word' id='word_1_185' title='bbox 772 4229 804 4276; x_wconf 88' lang='lat'>4</span> <span class='ocrx_word' id='word_1_186' title='bbox 828 4216 886 4263; x_wconf 82' lang='lat' dir='ltr'>in</span> <span class='ocrx_word' id='word_1_187' title='bbox 910 4232 976 4265; x_wconf 85' lang='lat' dir='ltr'>m.</span> <span class='ocrx_word' id='word_1_188' title='bbox 1006 4215 1091 4275; x_wconf 84' lang='lat' dir='ltr'><strong>[iv.</strong></span> <span class='ocrx_word' id='word_1_189' title='bbox 1128 4214 1295 4277; x_wconf 85' lang='lat'><strong>1-25.]</strong></span> <span class='ocrx_word' id='word_1_190' title='bbox 1944 4210 1966 4242; x_wconf 80' lang='lat'><strong>⁶</strong></span> <span class='ocrx_word' id='word_1_191' title='bbox 1998 4212 2094 4262; x_wconf 83' lang='lat' dir='ltr'>de:</span> <span class='ocrx_word' id='word_1_192' title='bbox 2131 4215 2242 4262; x_wconf 83' lang='lat' dir='ltr'>add.</span> <span class='ocrx_word' id='word_1_193' title='bbox 2272 4212 2353 4276; x_wconf 83' lang='lat'>63.</span> <span class='ocrx_word' id='word_1_194' title='bbox 2380 4211 2460 4261; x_wconf 88' lang='grc'>66.</span> 
     </span>
     <span class='ocr_line' id='line_1_32' title="bbox 599 4277 2018 4344; baseline 0 -17"><span class='ocrx_word' id='word_1_195' title='bbox 599 4278 620 4309; x_wconf 88' lang='lat'>⁷</span> <span class='ocrx_word' id='word_1_196' title='bbox 653 4281 812 4328; x_wconf 81' lang='lat' dir='ltr'><em>libro:</em></span> <span class='ocrx_word' id='word_1_197' title='bbox 844 4296 937 4329; x_wconf 86' lang='lat' dir='ltr'>om.</span> <span class='ocrx_word' id='word_1_198' title='bbox 969 4293 1046 4342; x_wconf 89' lang='lat'>39.</span> <span class='ocrx_word' id='word_1_199' title='bbox 1076 4292 1156 4341; x_wconf 89' lang='lat'>41.</span> <span class='ocrx_word' id='word_1_200' title='bbox 1220 4280 1392 4344; x_wconf 82' lang='lat' dir='ltr'><em>primo</em></span> <span class='ocrx_word' id='word_1_201' title='bbox 1414 4279 1572 4327; x_wconf 80' lang='lat' dir='ltr'><em>libro:</em></span> <span class='ocrx_word' id='word_1_202' title='bbox 1608 4278 1688 4341; x_wconf 90' lang='lat'>38.</span> <span class='ocrx_word' id='word_1_203' title='bbox 1717 4291 1798 4341; x_wconf 88' lang='lat'>43.</span> <span class='ocrx_word' id='word_1_204' title='bbox 1828 4278 1906 4340; x_wconf 86' lang='lat'>63.</span> <span class='ocrx_word' id='word_1_205' title='bbox 1936 4277 2018 4327; x_wconf 87' lang='grc'>66.</span> 
     </span>
     <span class='ocr_line' id='line_1_33' title="bbox 601 4340 2626 4406; baseline -0.001 -13"><span class='ocrx_word' id='word_1_206' title='bbox 601 4343 623 4374; x_wconf 80' lang='lat'><strong>⁸</strong></span> <span class='ocrx_word' id='word_1_207' title='bbox 655 4345 727 4405; x_wconf 88' lang='lat' dir='ltr'><strong>[ii.</strong></span> <span class='ocrx_word' id='word_1_208' title='bbox 763 4346 963 4406; x_wconf 85' lang='lat'><strong>12-26.]</strong></span> <span class='ocrx_word' id='word_1_209' title='bbox 1944 4340 1966 4372; x_wconf 78' lang='lat'><strong>⁹</strong></span> <span class='ocrx_word' id='word_1_210' title='bbox 2000 4343 2089 4393; x_wconf 82' lang='lat' dir='ltr'>Ca.</span> <span class='ocrx_word' id='word_1_211' title='bbox 2122 4353 2149 4406; x_wconf 82' lang='lat'>5</span> <span class='ocrx_word' id='word_1_212' title='bbox 2175 4344 2232 4392; x_wconf 79' lang='lat' dir='ltr'>in</span> <span class='ocrx_word' id='word_1_213' title='bbox 2256 4359 2320 4391; x_wconf 84' lang='lat' dir='ltr'>m.</span> <span class='ocrx_word' id='word_1_214' title='bbox 2352 4343 2421 4403; x_wconf 82' lang='lat' dir='ltr'>[v.</span> <span class='ocrx_word' id='word_1_215' title='bbox 2457 4343 2626 4404; x_wconf 84' lang='lat'><strong>1—24.]</strong></span> 
     </span>
     <span class='ocr_line' id='line_1_34' title="bbox 581 4406 2300 4473; baseline -0.001 -14"><span class='ocrx_word' id='word_1_216' title='bbox 581 4408 623 4440; x_wconf 85' lang='lat'>¹⁰</span> <span class='ocrx_word' id='word_1_217' title='bbox 656 4410 729 4471; x_wconf 87' lang='lat' dir='ltr'><strong>[ii.</strong></span> <span class='ocrx_word' id='word_1_218' title='bbox 760 4409 964 4473; x_wconf 85' lang='lat'><strong>27—36.]</strong></span> <span class='ocrx_word' id='word_1_219' title='bbox 1921 4406 1957 4438; x_wconf 88' lang='lat'>¹¹</span> <span class='ocrx_word' id='word_1_220' title='bbox 1996 4409 2065 4469; x_wconf 84' lang='lat' dir='ltr'>[v.</span> <span class='ocrx_word' id='word_1_221' title='bbox 2095 4406 2300 4472; x_wconf 86' lang='lat'><strong>25-48.]</strong></span> 
     </span>
     <span class='ocr_line' id='line_1_35' title="bbox 582 4472 1864 4539; baseline -0.002 -15"><span class='ocrx_word' id='word_1_222' title='bbox 582 4473 624 4505; x_wconf 78' lang='lat'>¹²</span> <span class='ocrx_word' id='word_1_223' title='bbox 659 4476 817 4524; x_wconf 84' lang='lat' dir='ltr'><em>libro:</em></span> <span class='ocrx_word' id='word_1_224' title='bbox 849 4492 943 4525; x_wconf 87' lang='lat' dir='ltr'>om.</span> <span class='ocrx_word' id='word_1_225' title='bbox 972 4487 1051 4539; x_wconf 84' lang='lat'>39.</span> <span class='ocrx_word' id='word_1_226' title='bbox 1079 4488 1162 4535; x_wconf 89' lang='lat'>41.</span> <span class='ocrx_word' id='word_1_227' title='bbox 1191 4487 1271 4536; x_wconf 90' lang='lat'>49.</span> <span class='ocrx_word' id='word_1_228' title='bbox 1300 4474 1381 4536; x_wconf 87' lang='lat'>64.</span> <span class='ocrx_word' id='word_1_229' title='bbox 1434 4474 1640 4523; x_wconf 52' lang='grc' dir='ltr'>’Ἠϊόνας</span> <span class='ocrx_word' id='word_1_230' title='bbox 1674 4473 1755 4536; x_wconf 87' lang='lat'>63.</span> <span class='ocrx_word' id='word_1_231' title='bbox 1784 4472 1864 4523; x_wconf 92' lang='grc'>66.</span> 
     </span>
    </p>
   </div>
   <div class='ocr_carea' id='block_1_18' title="bbox 575 4537 2662 4603">
    <p class='ocr_par' dir='ltr' id='par_1_18' title="bbox 575 4537 2662 4603">
     <span class='ocr_line' id='line_1_36' title="bbox 575 4537 2662 4603; baseline 0.009 -34"><span class='ocrx_word' id='word_1_232' title='bbox 575 4538 616 4570; x_wconf 75' lang='lat'>13</span> <span class='ocrx_word' id='word_1_233' title='bbox 648 4541 738 4590; x_wconf 63' lang='lat' dir='ltr'>Q</span> <span class='ocrx_word' id='word_1_234' title='bbox 769 4553 797 4603; x_wconf 91' lang='lat'><strong>3</strong></span> <span class='ocrx_word' id='word_1_235' title='bbox 823 4542 880 4589; x_wconf 79' lang='lat' dir='ltr'>in</span> <span class='ocrx_word' id='word_1_236' title='bbox 906 4557 972 4591; x_wconf 86' lang='lat' dir='ltr'>m.</span> <span class='ocrx_word' id='word_1_237' title='bbox 1000 4541 1090 4602; x_wconf 89' lang='lat' dir='ltr'><strong>[iii.</strong></span> <span class='ocrx_word' id='word_1_238' title='bbox 1126 4542 1294 4602; x_wconf 83' lang='lat'><strong>1—14.]</strong></span> <span class='ocrx_word' id='word_1_239' title='bbox 1924 4537 1966 4568; x_wconf 77' lang='lat'>¹⁴</span> <span class='ocrx_word' id='word_1_240' title='bbox 2002 4539 2090 4588; x_wconf 81' lang='lat' dir='ltr'>Ca.</span> <span class='ocrx_word' id='word_1_241' title='bbox 2119 4537 2166 4587; x_wconf 92' lang='lat'>6.</span> <span class='ocrx_word' id='word_1_242' title='bbox 2197 4539 2254 4586; x_wconf 81' lang='lat' dir='ltr'>in</span> <span class='ocrx_word' id='word_1_243' title='bbox 2277 4554 2344 4588; x_wconf 85' lang='lat' dir='ltr'>m.</span> <span class='ocrx_word' id='word_1_244' title='bbox 2372 4538 2460 4598; x_wconf 87' lang='lat' dir='ltr'><strong>[vi.</strong></span> <span class='ocrx_word' id='word_1_245' title='bbox 2495 4539 2662 4600; x_wconf 89' lang='lat'><strong>1-23.]</strong></span> 
     </span>
    </p>
   </div>
  </div>
 </body>
</html>
