3293 5225
322 479 465 528 Auo.
494 479 570 540 7.]
1091 481 1144 530 S.
1191 481 1623 533 DOMINICUS
1670 482 2107 533 CONFESSOR.
2636 495 2741 548 313

837 648 1054 713 Lectio
1083 650 1196 715 .2·ii.
1227 671 1309 714 ex
1333 651 1610 734 capitulo
1632 652 1795 734 xvij.
1826 651 1920 714 M
1914 650 2159 716 attltei.l

341 759 528 889 ET
590 768 745 842 post
805 760 948 824 dies
1008 782 1134 825 sex
1187 765 1549 847 assumpsit
1607 765 1795 828 Iesus
1849 765 2116 828 Petrum
2170 775 2237 828 et
2288 765 2608 828 Iacobum
2664 774 2737 829 et

514 846 838 910 Ioannem
875 849 1142 912 fratrem
1175 850 1317 913 eius
1377 901 1391 915 .
1481 901 1496 916 .
1585 901 1600 916 .
1691 901 1705 916 .
1770 852 2040 915 Nemini
2060 851 2370 915 dixeritis
2390 853 2740 931 visionem,

327 934 540 997 donec
573 932 747 996 filius
780 934 1072 999 hominis
1102 956 1143 999 a
1176 938 1453 1002 mortuis
1486 950 1804 1024 resurgat.

1280 1083 1347 1152 (I
1390 1078 1516 1140 Ad
1537 1077 1777 1142 laudes,

454 1184 516 1246 A
527 1182 857 1266 nttplzona.
950 1187 1041 1251 Et
1071 1209 1224 1254 ecce
1253 1211 1390 1253 vox
1423 1189 1508 1253 de
1539 1191 1717 1254 nube
1748 1190 2013 1255 dicens:
2049 1190 2181 1254 Hic
2212 1200 2316 1254 est
2347 1189 2518 1255 filius
2544 1210 2740 1255 meus

327 1270 609 1335 dilectus
641 1272 712 1334 in
745 1293 880 1355 quo
913 1275 1074 1339 mihi
1106 1278 1478 1360 complacui
1514 1278 1732 1361 ipsum
1766 1279 1995 1342 audite
2027 1278 2356 1344 halleluia.

1311 1408 1437 1471 Ad
1469 1418 1780 1489 vesperas.

462 1519 794 1601 Hymnus.
884 1518 1122 1583 Gaude
1155 1529 1368 1583 mater
1398 1530 1473 1583 vt
1497 1531 1715 1602 supra.

459 1607 862 1688 Anttphona.
954 1607 1043 1670 Et
1062 1608 1412 1670 audientes
1432 1606 1737 1690 discipuli
1763 1609 2146 1672 ceciderunt
2170 1607 2233 1671 in
2262 1607 2498 1671 faciem
2522 1627 2743 1686 suam,

326 1702 394 1756 et
424 1694 794 1758 timuerunt
822 1693 1034 1767 valde,
1065 1703 1134 1756 et
1164 1695 1442 1758 accessit
1480 1696 1665 1758 Iesus
1694 1705 1763 1758 et
1793 1697 2015 1777 tetigit
2056 1716 2191 1773 eOS,
2236 1694 2549 1778 dixitque
2594 1695 2690 1758 eis
2719 1718 2739 1758 ·.

332 1779 600 1865 Surgite
633 1792 702 1846 et
733 1782 938 1845 nolite
969 1782 1203 1844 timere
1249 1781 1601 1846 Halleluia.

822 1916 892 1986 {1
927 1909 1337 1975 ²Domt'm'cus
1365 1909 1709 1990 confissost
1738 1911 1975 1993 duplex
2004 1911 2238 1975 minus,

1408 2022 1652 2088 Oratic).

348 2134 626 2264 DEus
658 2136 771 2217 qui
803 2135 1151 2198 ecclesiam
1185 2145 1371 2199 tuam
1405 2135 1580 2198 beati
1607 2134 1943 2198 Dominici
1966 2134 2359 2197 confessoris
2379 2135 2474 2198 tui
2498 2135 2745 2199 illumi-

528 2243 684 2285 nare
730 2222 1044 2304 dignatus
1088 2243 1160 2284 es
1207 2223 1458 2285 meritis
1504 2238 1572 2286 et
1618 2223 1957 2298 doctriniS,
2002 2223 2309 2297 concede,
2355 2232 2425 2285 vt
2468 2223 2608 2285 eius
2640 2223 2736 2284 in-

332 2312 733 2373 tercessione
768 2309 1246 2392 temporalibus
1279 2329 1411 2372 non
1448 2309 1853 2372 destituatur
1883 2309 2088 2371 auxili
2092 2308 2173 2390 js,
2195 2318 2262 2371 et
2283 2309 2748 2391 spiritualibus

333 2415 597 2478 semper
629 2396 932 2479 proficiat
963 2398 1423 2460 incrementis:
1455 2417 1586 2479 per.

1287 2533 1501 2596 Lectio
1546 2532 1786 2598 tertz'a.⁴

353 2646 840 2776 Dominicus
872 2648 1143 2711 natione
1180 2647 1541 2729 HispanuS,
1573 2647 1672 2709 vir
1702 2647 2057 2709 sanctitate
2077 2656 2146 2709 et
2176 2647 2479 2710 doctrina
2510 2647 2743 2725 clarus,

546 2736 796 2797 ordinis
843 2735 1333 2817 predicatorum
1366 2743 1597 2796 auctor
1642 2732 1994 2814 Calaroga⁶
2025 2735 2415 2797 oxomensis
2461 2735 2751 2797 diocesis

339 2820 592 2903 oppido
625 2832 821 2884 natus
853 2831 972 2897 est,
1004 2831 1194 2903 patre
1250 2821 1486 2896 Felice,
1539 2831 1752 2883 matre
1808 2841 1961 2883 vero
2016 2821 2287 2885 Ioanna.
2364 2821 2515 2904 Que
2564 2821 2740 2884 facta

340 2909 617 2990 grauida
650 2909 714 2970 in
748 2911 997 2971 somnis
1031 2910 1170 2971 visa
1201 2908 1326 2971 sibi
1369 2906 1496 2970 est⁶
1549 2919 1737 2971 vtero
1786 2906 1882 2970 se7
1929 2919 2192 2990 gestare
2241 2915 2534 2971 catulum
2586 2929 2739 2971 cum

341 2993 556 3058 facula
588 2997 682 3057 ori
717 2996 980 3070 inserta,
1011 3016 1144 3078 qua
1176 3014 1478 3077 egressus
1508 3016 1597 3058 ex
1644 3005 1831 3057 vtero
1879 3005 2095 3057 totum
2144 2996 2469 3058 mundum
2523 2995 2741 3058 incen-

340 3082 544 3146 deret.
635 3081 790 3164 Qua
821 3083 1130 3145 videlicet
1162 3103 1230 3145 re
1276 3081 1800 3164 portendebatur
1844 3101 2120 3164 puerum
2154 3103 2297 3144 esse
2328 3092 2754 3164 conceptum,

339 3170 450 3249 qui
484 3169 836 3251 splendore
874 3190 989 3233 sue
1019 3169 1317 3232 doctrine
1348 3179 1566 3232 totum
1592 3171 1918 3232 mundum
1952 3169 2326 3245 illustraret,
2347 3183 2415 3231 et
2446 3168 2747 3251 predica-

340 3257 632 3319 tionibus
665 3258 748 3319 ad
785 3266 958 3320 recte
990 3256 1349 3319 viuendum
1385 3256 1849 3332 inflammaret,
1891 3266 1962 3318 vt
2012 3277 2113 3318 res
2163 3258 2307 3337 ipsa
2360 3257 2742 3321 declarauit.

347 3341 498 3405 Hoc
530 3344 706 3407 enim
738 3345 1025 3425 prestitit
1058 3355 1197 3406 tum
1252 3364 1367 3425 per
1419 3364 1508 3417 se,
1563 3352 1708 3406 tum
1761 3343 1961 3405 etiam
2015 3364 2131 3425 per
2175 3343 2478 3406 ordinem
2528 3345 2750 3426 predi·

341 3440 660 3506 catorum,
705 3450 903 3512 quem
954 3432 1093 3514 ipse
1139 3431 1457 3507 condidit,
1500 3450 1653 3492 cum
1704 3432 1883 3512 prius
1930 3431 1994 3491 in
2042 3431 2319 3493 ecclesia
2367 3431 2742 3495 Oxomensi

343 3516 572 3580 suisset
632 3519 989 3581 canonicus
1051 3518 1386 3599 regularis,
1524 3518 1747 3580 Huius
1793 3517 1914 3580 viri
1960 3519 2280 3581 sanctitas
2327 3532 2394 3580 et
2441 3518 2746 3581 doctrina

340 3603 699 3685 plurimum
746 3606 986 3667 enituit
1049 3606 1112 3667 in
1162 3605 1582 3688 extirpandis
1635 3604 1977 3667 heresibus
2026 3606 2427 3687 perniciosiS,
2475 3625 2605 3686 que
2658 3606 2746 3668 ad

342 3689 660 3753 Tolosam
693 3692 1096 3773 pullularant
1126 3693 1477 3774 septennio
1508 3701 1910 3774 consumpto
1943 3692 2007 3753 in
2040 3712 2120 3753 eo
2153 3692 2394 3774 labore.
2485 3692 2755 3774 Quibus

343 3777 539 3839 rebus
600 3780 839 3842 ductus
906 3780 1336 3842 Innocentius
1382 3778 1486 3860 .iij.
1532 3800 1710 3861 papa
1756 3778 2134 3841 institutum
2182 3779 2268 3841 ab
2315 3799 2395 3842 eo
2440 3780 2742 3842 ordinem

341 3866 700 3928 autoritate
731 3867 1099 3947 apostolica
1130 3867 1528 3949 approbauit
1562 3876 1629 3928 et
1662 3866 1862 3946 paulo
1914 3879 2065 3947 post
2116 3866 2344 3929 itidem
2406 3866 2755 3929 Honorius.

342 3953 575 4015 tertius
606 3953 1026 4016 confirmauit
1060 3953 1455 4016 Dominicus
1487 3953 1688 4033 igitur
1718 3973 1869 4016 cum
1915 3952 2125 4016 multa
2176 3953 2577 4016 monasteria
2629 3975 2748 4036 per

340 4039 568 4101 orbem
616 4039 912 4123 erigendi
958 4052 1150 4103 autor
1198 4040 1431 4103 suisset
1480 4040 1944 4121 miraculisque
1991 4041 2334 4103 claruisset
2382 4051 2449 4102 et
2499 4041 2744 4103 multas

341 4127 644 4208 regiones
734 4128 1075 4190 docendo:
1162 4137 1230 4190 et
1319 4129 1723 4210 predicando
1813 4127 2172 4203 lustrasset,
2253 4146 2432 4189 anno
2520 4128 2754 4190 christi.

340 4214 497 4277 nati.
592 4214 974 4295 M.cc.xxiij.
1028 4215 1325 4278 Bononie
1373 4214 1532 4295 (que
1580 4214 1738 4276 vrbs
1789 4224 1892 4277 est
1951 4214 2144 4277 Italie
2197 4213 2496 4294 celebris)
2554 4215 2747 4277 nonis

340 4299 633 4382 Augusti
666 4322 706 4363 a
736 4302 872 4365 vita
907 4302 1234 4382 migrauit.
1326 4301 1546 4383 Quem
1581 4310 1816 4383 postea
1858 4300 2216 4384 Gregorius
2264 4320 2479 4363 nonus
2526 4301 2748 4364 retulit

434 4417 452 4449 ¹
487 4419 624 4480 [xvii.
660 4421 795 4483 1—9.]
1184 4417 1208 4450 ²
1237 4421 1317 4469 die
1337 4421 1546 4484 septima
1561 4435 1579 4468 .·
1602 4427 1686 4482 pr.
1712 4418 1789 4483 38.
2269 4418 2291 4449 ³
2322 4419 2532 4484 confesso
2547 4435 2566 4468 .·
2600 4418 2688 4484 38.

432 4482 454 4513 ⁴
485 4484 567 4534 die
591 4496 618 4546 7
644 4486 702 4533 in
727 4503 791 4535 m.
862 4503 957 4536 om.
987 4485 1064 4551 38.
1186 4484 1208 4515 ⁸
1239 4485 1518 4549 Calagum:
1552 4499 1632 4546 44.
1664 4498 1742 4547 49.
1772 4483 1850 4534 61.
1881 4484 1958 4549 63.
1989 4483 2068 4535 66.

432 4546 454 4578 ⁶
486 4550 570 4600 in:
604 4552 715 4602 add.
747 4564 825 4614 39.
1188 4550 1208 4583 ⁷
1237 4568 1331 4601 om.
1362 4549 1439 4615 38.
