3293 5225
874 430 1169 480 DOMINI
1171 431 1258 479 CA
1296 430 1364 479 Χ.
1405 430 1599 479 POST
1624 430 1788 479 PEN
1791 430 1838 478 T
1834 430 1885 478 E
1891 430 2020 479 COS
2029 431 2078 478 T
2070 431 2123 479 E
2125 431 2192 480 N.
2645 444 2740 497 205

488 642 555 711 (Ι
601 634 949 698 Dominica
978 634 1222 697 decima
1237 642 1816 783 postl‘pentecosten,
1904 632 2017 696 Ex
2029 634 2251 714 primo
2281 634 2574 716 Regum}

1432 721 1584 783 ectio
1614 720 1673 784 ,ιζ

483 834 772 900 Ormiuit
825 843 1050 897 autem
1109 833 1380 897 Samuel
1436 853 1644 915 vsque
1707 851 1904 895 mane
2079 853 2230 896 cum
2293 854 2443 897 arca
2508 835 2744 899 federis

509 922 781 999 domini,
813 920 1043 1004 Ophni
1075 929 1141 983 et
1178 920 1473 983 phinees.

848 1065 916 1134 (Ι
965 1056 1331 1121 Secundum
1372 1054 1792 1119 Mattheunz.2
1880 1055 2089 1119 Lectio
2120 1056 2211 1139 ,ip

346 1171 673 1299 NEmo
720 1179 942 1253 potest
987 1169 1247 1231 duobus
1294 1168 1582 1230 dominis
1642 1169 1888 1230 seruire
2036 1179 2103 1231 et
2148 1171 2448 1233 conuersi
2497 1171 2743 1235 dirum-

525 1267 688 1340 pant
718 1278 853 1319 vos,

922 1390 990 1459 (Ι
1047 1383 1268 1446 Tertia
1296 1383 1471 1445 lectio
1500 1383 1845 1445 secundum
1879 1382 2166 1447 Lucam.³

344 1499 478 1628 IN
514 1497 626 1562 illo
658 1508 992 1579 tempore:
1042 1495 1238 1558 Dixit
1275 1496 1458 1557 Iesus
1492 1495 1576 1558 ad
1608 1495 1936 1576 quosdam
1971 1496 2084 1577 qui
2117 1497 2181 1558 in
2216 1517 2286 1560 se
2318 1496 2745 1561 confidebant

443 1596 763 1666 tanquam
827 1583 997 1658 iusti,
1043 1593 1109 1644 et
1168 1582 1696 1664 aspernabantur
1761 1592 2034 1659 ceter08‚
2087 1585 2474 1665 parabolam
2530 1587 2745 1650 istam.

334 1672 491 1736 Duo
523 1671 825 1734 homines
856 1670 1297 1732 ascenderunt
1329 1669 1392 1730 in
1419 1669 1743 1752 templum
1768 1679 1840 1733 vt
1863 1681 2127 1733 orarent
2157 1694 2170 1732 :
2202 1692 2369 1734 vnus
2401 1672 2745 1736 Phariseus

330 1768 395 1822 et
429 1758 595 1823 alter
625 1757 1034 1841 publicanus,
1124 1756 1215 1818 Et
1247 1755 1511 1837 reliqua.

851 1901 918 1970 (Ι
965 1894 1264 1956 Homilia
1291 1893 1504 1955 sancti
1526 1893 1900 1975 Augustini
1923 1895 2204 1976 episcopi.

490 2009 699 2071 Iceret
758 2006 994 2069 saltem
1062 2006 1445 2068 Phariseus:
1522 2025 1655 2067 non
1711 2026 1857 2068 sum
1935 2006 2104 2069 sicut
2165 2008 2364 2071 ceteri
2425 2009 2752 2074 homines,

515 2095 694 2178 Quid
756 2102 857 2156 est
903 2093 1102 2156 ceteri
1153 2092 1457 2155 homines
1511 2093 1634 2154 nisi
1696 2113 1930 2155 omnes
1991 2103 2209 2175 preter
2268 2096 2503 2177 ipsum.
2596 2097 2748 2179 Ego

334 2183 609 2266 (inquit)
671 2183 879 2244 iustus
939 2199 1108 2254 sum,
1170 2179 1368 2242 ceteri
1431 2189 1829 2261 peccatores,
1926 2181 2077 2242 Non
2133 2201 2279 2244 sum
2331 2184 2500 2246 sicut
2546 2186 2745 2247 ceteri

334 2270 637 2332 homines
669 2267 891 2331 iniusti
925 2267 1125 2342 auari,
1159 2277 1455 2349 raptores
1487 2266 1785 2330 adulteri.
1877 2267 1969 2331 Et
1998 2288 2152 2332 ecce
2196 2268 2342 2333 *tibi
2375 2270 2471 2333 et4
2528 2272 2746 2334 vicino

337 2357 451 2420 ex⁵
542 2356 900 2439 publicano
993 2351 1339 2415 maiorem⁰
1428 2354 1706 2416 tumoris
1794 2355 2072 2418 occasio,
2209 2355 2397 2421 Sicut
2470 2358 2747 2440 (inquit)

337 2443 727 2527 publicanus
774 2443 912 2505 iste.
1007 2441 1157 2524 Ego
1210 2441 1484 2520 (inquit)
1544 2440 1725 2502 solus
1778 2461 1942 2504 sum.
2039 2442 2174 2504 Iste
2228 2442 2313 2505 de
2359 2447 2594 2507 ceteris
2624 2456 2744 2509 est.

339 2532 491 2594 Non
555 2549 702 2593 sum
765 2528 1039 2609 (inquit)
1099 2527 1248 2590 talis
1308 2527 1522 2608 qualis
1573 2528 1697 2589 iste
1757 2548 1874 2610 per
1920 2529 2201 2592 iustitias
2263 2551 2444 2594 meas
2505 2533 2746 2614 quibus

336 2620 599 2702 iniquus
649 2637 779 2680 non
812 2635 975 2679 sum.
1073 2616 1304 2678 Ieiuno
1338 2616 1435 2678 bis
1470 2615 1533 2677 in
1588 2615 1912 2679 sabbato:
1959 2616 2251 2681 decimas
2304 2619 2394 2681 do
2447 2621 2743 2685 omnium

333 2728 463 2789 que
495 2704 822 2788 possideo,
916 2703 1094 2786 Quid
1131 2702 1462 2784 rogauerit
1493 2700 1693 2787 deum
1726 2722 1928 2784 quere
1953 2704 2017 2766 in
2049 2705 2266 2768 verbis
2297 2708 2437 2769 eius
2469 2716 2536 2770 et
2583 2709 2743 2771 nihil

336 2794 649 2857 inuenies,
742 2791 1070 2854 Ascendit
1125 2809 1350 2851 orare:
1398 2789 1608 2851 noluit
1659 2810 1891 2871 rogare
1921 2790 2138 2867 deum,
2173 2792 2289 2855 sed
2341 2814 2411 2855 se
2459 2794 2743 2858 laudare.

339 2881 579 2944 Parum
613 2886 715 2941 est
765 2898 897 2939 non
937 2876 1156 2939 Deum
1193 2896 1441 2957 rogare,
1472 2875 1589 2937 sed
1622 2897 1693 2938 se
1749 2876 2034 2954 laudare,
2067 2879 2335 2961 insuper
2363 2890 2429 2944 et
2485 2884 2743 2963 roganti

334 2967 649 3031 insultare
678 2964 1075 3027 Publicanus
1099 2973 1322 3026 autem
1345 2963 1428 3025 de
1454 2964 1820 3045 longinquo
1845 2965 2082 3041 stabat,
2105 2976 2172 3029 et
2197 2978 2421 3030 tamen
2447 2968 2575 3031 deo
2608 2970 2746 3051 ipse

334 3052 934 3136 appropinquabat,
1010 3049 1225 3113 cordis
1301 3070 1452 3112 eum
1546 3052 1949 3113 conscientia
2041 3054 2445 3131 remouebat,
2535 3057 2747 3137 pietas

334 3141 716 3224 applicabat
765 3138 1162 3201 Publicanus
1195 3146 1418 3200 autem
1468 3137 1552 3200 de
1584 3136 1952 3219 longinquo
1998 3139 2236 3216 stabat,
2268 3141 2385 3203 sed
2433 3141 2745 3205 dominus

331 3249 482 3291 eum
559 3228 643 3288 de
705 3226 1079 3308 propinquo
1139 3223 1547 3288 attendebat,
1641 3224 1971 3287 Excelsus
2047 3228 2224 3289 enim
2287 3227 2602 3292 dominus
2678 3241 2745 3293 et

328 3315 604 3378 humilia
654 3313 958 3393 respicit:
1027 3308 1355 3374 excelsos7
1402 3322 1625 3373 autem
1679 3312 1894 3392 qualis
1943 3322 2084 3375 erat
2140 3313 2246 3376 ille
2303 3315 2651 3380 Phariseus
2705 3338 2745 3379 a

330 3402 527 3485 longe
558 3400 900 3482 cognoscit
934 3398 1222 3461 Excelsa
1254 3397 1523 3479 quidem
1562 3398 1745 3460 Deus
1777 3418 1817 3461 a
1842 3399 2039 3480 longe
2070 3402 2431 3483 cognoscit,
2462 3403 2577 3466 sed
2611 3424 2743 3467 non

330 3489 627 3571 ignoscit.
719 3485 964 3550 Adhuc
997 3495 1220 3548 autem
1256 3485 1409 3546 audi
1446 3485 1887 3548 bumilitatem
1923 3486 2275 3568 publicani.
2372 3490 2610 3553 Parum
2642 3501 2745 3554 est

331 3578 485 3660 quia
517 3575 602 3639 de
633 3575 999 3656 longinquo
1045 3574 1266 3633 stabat
1298 3592 1420 3634 nec
1467 3591 1621 3635 suos
1656 3573 1882 3635 oculos
1907 3573 1992 3636 ad
2039 3575 2252 3637 celum
2277 3576 2557 3641 leuabat,
2648 3579 2743 3641 Vt

328 3664 728 3746 aspiceretur
758 3679 890 3722 non
917 3658 1325 3741 aspiciebat.⁸

1410 3793 1653 3858 Oratio,

346 3910 762 4042 DEus,qui
784 3907 1336 3989 omnipotentiam
1359 3917 1544 3970 tuam
1569 3907 1903 3988 parcendo
1927 3910 2237 3986 maxime,
2259 3922 2326 3975 et
2348 3914 2747 3978 miserendo⁹

512 3997 898 4061 manifestas
932 3994 1295 4077 multiplica
1325 4014 1523 4076 super
1553 4015 1676 4057 nos
1711 3996 2224 4061 misericordiam
2273 4009 2494 4063 tuam:
2543 4012 2613 4065 vt
2658 4003 2742 4066 ad

335 4097 451 4151 tua
483 4085 808 4168 promissa
839 4090 1174 4145 currentes
1205 4081 1545 4144 celestium
1581 4082 1909 4146 bonorum
1957 4083 2160 4147 facias
2191 4106 2334 4149 esse
2389 4098 2744 4154 consortes

339 4176 478 4236 Per.

434 4282 455 4378 ζ
487 4282 802 4397 [ἰὶὶίζιῐρ-ἰιν.
831 4281 906 4342 4.]
1061 4343 1150 4392 Η).
1235 4275 1376 4372 3.[νί.
1405 4279 1616 4340 24—vii.
1640 4277 1723 4392 66.]
1749 4345 1781 4394 6
1856 4344 1889 4393 6
1964 4346 2028 4394 66
2117 4280 2139 4311 ³
2173 4282 2264 4332 Ca.
2299 4283 2358 4332 18
2382 4285 2438 4332 in
2463 4302 2528 4333 tn,

435 4351 879 4476 ῖῖ.”3ξῗ“..ἒ.9·
908 4357 987 4405 ⁴¹·
1084 4361 1099 4392 ¹
1138 4360 1152 4391 ¹
1188 4355 1828 4472 ⁶²3·123⁸312‚;⁴{·,t⁴2⁹·39.¹·2t0³.·
1888 4359 1936 4406 ⁴*
2031 4383 2042 4395 ·
2118 4410 2426 4463 vacem
2463 4414 2542 4465 ⁶1.

434 4477 457 4509 ο
490 4481 564 4530 Te
585 4479 765 4529 deum:
801 4477 913 4526 aad,
942 4475 1021 4537 63,
1635 4473 1657 4503 ⁹
1689 4476 2004 4525 miserando:
2042 4489 2120 4540 39.
2149 4490 2229 4538 41.
2257 4491 2338 4540 49.
2367 4478 2447 4528 61.
2476 4480 2553 4543 63.
2584 4481 2664 4531 66.
