<?xml version="1.0" encoding="UTF-8"?>
<!DOCTYPE html PUBLIC "-//W3C//DTD XHTML 1.0 Transitional//EN"
    "http://www.w3.org/TR/xhtml1/DTD/xhtml1-transitional.dtd">
<html xmlns="http://www.w3.org/1999/xhtml" xml:lang="en" lang="en">
 <head>
  <title>
</title>
<meta http-equiv="Content-Type" content="text/html;charset=utf-8" />
  <meta name='ocr-system' content='tesseract 3.04.00' />
  <meta name='ocr-capabilities' content='ocr_page ocr_carea ocr_par ocr_line ocrx_word'/>
</head>
<body>
  <div class='ocr_page' id='page_1' title='image "./secondrecension00legggoog_0129.png"; bbox 0 0 3293 5225; ppageno 0'>
   <div class='ocr_carea' id='block_1_1' title="bbox 948 481 2789 546">
    <p class='ocr_par' dir='ltr' id='par_1_1' title="bbox 948 481 2789 546">
     <span class='ocr_line' id='line_1_1' title="bbox 948 481 2789 546; baseline 0.002 -17"><span class='ocrx_word' id='word_1_1' title='bbox 948 481 1436 530; x_wconf 79' lang='lat' dir='ltr'><em>HEBDOMADA</em></span> <span class='ocrx_word' id='word_1_2' title='bbox 1485 482 1762 530; x_wconf 75' lang='lat' dir='ltr'><em>TERTIA</em></span> <span class='ocrx_word' id='word_1_3' title='bbox 1799 481 2229 532; x_wconf 75' lang='lat' dir='ltr'><em>ADVENTUS.</em></span> <span class='ocrx_word' id='word_1_4' title='bbox 2729 492 2789 546; x_wconf 84' lang='lat'>55</span> 
     </span>
    </p>
   </div>
   <div class='ocr_carea' id='block_1_2' title="bbox 380 634 2793 1832">
    <p class='ocr_par' dir='ltr' id='par_1_2' title="bbox 380 634 2793 1832">
     <span class='ocr_line' id='line_1_2' title="bbox 390 634 2792 717; baseline 0 -19"><span class='ocrx_word' id='word_1_5' title='bbox 390 635 515 699; x_wconf 84' lang='lat' dir='ltr'>Sed</span> <span class='ocrx_word' id='word_1_6' title='bbox 592 637 644 697; x_wconf 91' lang='lat' dir='ltr'>si</span> <span class='ocrx_word' id='word_1_7' title='bbox 722 634 1051 698; x_wconf 87' lang='lat' dir='ltr'><strong>subtiliter</strong></span> <span class='ocrx_word' id='word_1_8' title='bbox 1112 636 1352 698; x_wconf 89' lang='lat' dir='ltr'>veritas</span> <span class='ocrx_word' id='word_1_9' title='bbox 1426 635 1570 717; x_wconf 89' lang='lat' dir='ltr'>ipsa</span> <span class='ocrx_word' id='word_1_10' title='bbox 1631 635 1999 717; x_wconf 84' lang='lat' dir='ltr'>requiratur</span> <span class='ocrx_word' id='word_1_11' title='bbox 2057 635 2185 697; x_wconf 86' lang='lat' dir='ltr'>hoc</span> <span class='ocrx_word' id='word_1_12' title='bbox 2246 634 2426 717; x_wconf 92' lang='lat' dir='ltr'>quod</span> <span class='ocrx_word' id='word_1_13' title='bbox 2489 635 2660 698; x_wconf 91' lang='lat' dir='ltr'>inter</span> <span class='ocrx_word' id='word_1_14' title='bbox 2719 657 2792 699; x_wconf 90' lang='lat' dir='ltr'>se</span> 
     </span>
     <span class='ocr_line' id='line_1_3' title="bbox 384 721 2787 804; baseline 0.001 -20"><span class='ocrx_word' id='word_1_15' title='bbox 384 722 777 785; x_wconf 90' lang='lat' dir='ltr'>contrarium</span> <span class='ocrx_word' id='word_1_16' title='bbox 826 723 1089 785; x_wconf 89' lang='lat' dir='ltr'>sonuit:</span> <span class='ocrx_word' id='word_1_17' title='bbox 1137 725 1478 804; x_wconf 89' lang='lat' dir='ltr'>quomodo</span> <span class='ocrx_word' id='word_1_18' title='bbox 1511 721 1910 786; x_wconf 87' lang='lat' dir='ltr'>contrarium</span> <span class='ocrx_word' id='word_1_19' title='bbox 1945 742 2078 784; x_wconf 89' lang='lat' dir='ltr'>non</span> <span class='ocrx_word' id='word_1_20' title='bbox 2112 722 2196 785; x_wconf 87' lang='lat' dir='ltr'>sit</span> <span class='ocrx_word' id='word_1_21' title='bbox 2228 722 2578 785; x_wconf 89' lang='lat' dir='ltr'>inuenitur.</span> <span class='ocrx_word' id='word_1_22' title='bbox 2675 723 2787 786; x_wconf 83' lang='lat' dir='ltr'>Ad</span> 
     </span>
     <span class='ocr_line' id='line_1_4' title="bbox 391 809 2790 892; baseline 0 -21"><span class='ocrx_word' id='word_1_23' title='bbox 391 810 771 872; x_wconf 85' lang='lat' dir='ltr'>Zachariam</span> <span class='ocrx_word' id='word_1_24' title='bbox 808 829 1100 892; x_wconf 90' lang='lat' dir='ltr'>namque</span> <span class='ocrx_word' id='word_1_25' title='bbox 1132 809 1217 872; x_wconf 93' lang='lat' dir='ltr'>de</span> <span class='ocrx_word' id='word_1_26' title='bbox 1254 810 1522 873; x_wconf 87' lang='lat' dir='ltr'>Ioannis</span> <span class='ocrx_word' id='word_1_27' title='bbox 1556 809 1992 892; x_wconf 87' lang='lat' dir='ltr'>promissione</span> <span class='ocrx_word' id='word_1_28' title='bbox 2023 809 2302 892; x_wconf 84' lang='lat' dir='ltr'>angelus</span> <span class='ocrx_word' id='word_1_29' title='bbox 2346 810 2539 873; x_wconf 86' lang='lat' dir='ltr'>dixit.</span> <span class='ocrx_word' id='word_1_30' title='bbox 2637 810 2790 892; x_wconf 91' lang='lat' dir='ltr'>Ipse</span> 
     </span>
     <span class='ocr_line' id='line_1_5' title="bbox 387 895 2792 980; baseline 0.001 -22"><span class='ocrx_word' id='word_1_31' title='bbox 387 897 619 978; x_wconf 90' lang='lat' dir='ltr'>preibit</span> <span class='ocrx_word' id='word_1_32' title='bbox 678 907 835 960; x_wconf 89' lang='lat' dir='ltr'>ante</span> <span class='ocrx_word' id='word_1_33' title='bbox 905 896 1129 960; x_wconf 90' lang='lat' dir='ltr'>illum:</span> <span class='ocrx_word' id='word_1_34' title='bbox 1207 897 1272 959; x_wconf 89' lang='lat' dir='ltr'>in</span> <span class='ocrx_word' id='word_1_35' title='bbox 1336 897 1566 980; x_wconf 92' lang='lat' dir='ltr'>spiritu</span> <span class='ocrx_word' id='word_1_36' title='bbox 1628 911 1696 959; x_wconf 87' lang='lat' dir='ltr'>ct</span> <span class='ocrx_word' id='word_1_37' title='bbox 1759 897 2001 960; x_wconf 90' lang='lat' dir='ltr'>virtute</span> <span class='ocrx_word' id='word_1_38' title='bbox 2055 897 2220 960; x_wconf 90' lang='lat' dir='ltr'>Elie.</span> <span class='ocrx_word' id='word_1_39' title='bbox 2333 895 2493 978; x_wconf 75' lang='lat' dir='ltr'>Quil</span> <span class='ocrx_word' id='word_1_40' title='bbox 2556 898 2792 960; x_wconf 89' lang='lat' dir='ltr'>iccirco</span> 
     </span>
     <span class='ocr_line' id='line_1_6' title="bbox 384 983 2792 1066; baseline 0.001 -22"><span class='ocrx_word' id='word_1_41' title='bbox 384 995 692 1047; x_wconf 89' lang='lat' dir='ltr'>venturus</span> <span class='ocrx_word' id='word_1_42' title='bbox 755 986 817 1046; x_wconf 92' lang='lat' dir='ltr'>in</span> <span class='ocrx_word' id='word_1_43' title='bbox 883 983 1115 1066; x_wconf 89' lang='lat' dir='ltr'>spiritu</span> <span class='ocrx_word' id='word_1_44' title='bbox 1178 992 1245 1047; x_wconf 91' lang='lat' dir='ltr'>et</span> <span class='ocrx_word' id='word_1_45' title='bbox 1305 985 1549 1047; x_wconf 91' lang='lat' dir='ltr'>virtute</span> <span class='ocrx_word' id='word_1_46' title='bbox 1611 984 1760 1046; x_wconf 89' lang='lat' dir='ltr'>Elie</span> <span class='ocrx_word' id='word_1_47' title='bbox 1819 984 2101 1047; x_wconf 90' lang='lat' dir='ltr'>dicitur:</span> <span class='ocrx_word' id='word_1_48' title='bbox 2164 983 2321 1066; x_wconf 90' lang='lat' dir='ltr'>quia</span> <span class='ocrx_word' id='word_1_49' title='bbox 2380 984 2549 1048; x_wconf 91' lang='lat' dir='ltr'>sicut</span> <span class='ocrx_word' id='word_1_50' title='bbox 2604 983 2792 1047; x_wconf 84' lang='lat' dir='ltr'>Elias</span> 
     </span>
     <span class='ocr_line' id='line_1_7' title="bbox 388 1069 2790 1153; baseline 0.001 -22"><span class='ocrx_word' id='word_1_51' title='bbox 388 1072 747 1134; x_wconf 87' lang='lat' dir='ltr'>secundum</span> <span class='ocrx_word' id='word_1_52' title='bbox 803 1071 1055 1134; x_wconf 90' lang='lat' dir='ltr'>domini</span> <span class='ocrx_word' id='word_1_53' title='bbox 1111 1070 1477 1134; x_wconf 86' lang='lat' dir='ltr'>aduentum</span> <span class='ocrx_word' id='word_1_54' title='bbox 1534 1071 1875 1152; x_wconf 85' lang='lat' dir='ltr'>preueniet</span> <span class='ocrx_word' id='word_1_55' title='bbox 1927 1072 2021 1134; x_wconf 92' lang='lat' dir='ltr'>ita</span> <span class='ocrx_word' id='word_1_56' title='bbox 2079 1070 2367 1133; x_wconf 88' lang='lat' dir='ltr'>Ioannes</span> <span class='ocrx_word' id='word_1_57' title='bbox 2419 1069 2790 1153; x_wconf 72' lang='lat' dir='ltr'>preueniet2</span> 
     </span>
     <span class='ocr_line' id='line_1_8' title="bbox 387 1157 2791 1241; baseline 0 -21"><span class='ocrx_word' id='word_1_58' title='bbox 387 1161 687 1240; x_wconf 90' lang='lat' dir='ltr'>primum.</span> <span class='ocrx_word' id='word_1_59' title='bbox 808 1157 1001 1223; x_wconf 87' lang='lat' dir='ltr'>Sicut</span> <span class='ocrx_word' id='word_1_60' title='bbox 1076 1157 1185 1220; x_wconf 94' lang='lat' dir='ltr'>ille</span> <span class='ocrx_word' id='word_1_61' title='bbox 1260 1178 1601 1241; x_wconf 85' lang='lat' dir='ltr'>precursor</span> <span class='ocrx_word' id='word_1_62' title='bbox 1676 1168 1995 1221; x_wconf 89' lang='lat' dir='ltr'>venturus</span> <span class='ocrx_word' id='word_1_63' title='bbox 2055 1168 2157 1221; x_wconf 91' lang='lat' dir='ltr'>est</span> <span class='ocrx_word' id='word_1_64' title='bbox 2218 1157 2452 1220; x_wconf 90' lang='lat' dir='ltr'>iudicis</span> <span class='ocrx_word' id='word_1_65' title='bbox 2513 1159 2604 1222; x_wconf 88' lang='lat' dir='ltr'>ita</span> <span class='ocrx_word' id='word_1_66' title='bbox 2668 1158 2791 1221; x_wconf 90' lang='lat' dir='ltr'>iste</span> 
     </span>
     <span class='ocr_line' id='line_1_9' title="bbox 388 1244 2792 1328; baseline 0 -21"><span class='ocrx_word' id='word_1_67' title='bbox 388 1265 725 1327; x_wconf 88' lang='lat' dir='ltr'>precursor</span> <span class='ocrx_word' id='word_1_68' title='bbox 755 1244 969 1309; x_wconf 88' lang='lat' dir='ltr'>sactus</span> <span class='ocrx_word' id='word_1_69' title='bbox 1000 1255 1102 1308; x_wconf 90' lang='lat' dir='ltr'>est</span> <span class='ocrx_word' id='word_1_70' title='bbox 1133 1245 1588 1328; x_wconf 81' lang='lat' dir='ltr'>redemptoris,</span> <span class='ocrx_word' id='word_1_71' title='bbox 1686 1246 1972 1308; x_wconf 87' lang='lat' dir='ltr'>Ioannes</span> <span class='ocrx_word' id='word_1_72' title='bbox 2003 1245 2205 1327; x_wconf 88' lang='lat' dir='ltr'>igitur</span> <span class='ocrx_word' id='word_1_73' title='bbox 2237 1246 2301 1307; x_wconf 92' lang='lat' dir='ltr'>in</span> <span class='ocrx_word' id='word_1_74' title='bbox 2335 1246 2570 1327; x_wconf 91' lang='lat' dir='ltr'>spiritu</span> <span class='ocrx_word' id='word_1_75' title='bbox 2605 1244 2792 1308; x_wconf 89' lang='lat' dir='ltr'>Elias</span> 
     </span>
     <span class='ocr_line' id='line_1_10' title="bbox 386 1331 2792 1416; baseline 0 -22"><span class='ocrx_word' id='word_1_76' title='bbox 386 1343 518 1395; x_wconf 87' lang='lat' dir='ltr'>erat</span> <span class='ocrx_word' id='word_1_77' title='bbox 549 1355 561 1393; x_wconf 94' lang='lat'>:</span> <span class='ocrx_word' id='word_1_78' title='bbox 609 1333 674 1394; x_wconf 91' lang='lat' dir='ltr'>in</span> <span class='ocrx_word' id='word_1_79' title='bbox 708 1352 994 1414; x_wconf 87' lang='lat' dir='ltr'>persona</span> <span class='ocrx_word' id='word_1_80' title='bbox 1027 1331 1213 1395; x_wconf 89' lang='lat' dir='ltr'>Elias</span> <span class='ocrx_word' id='word_1_81' title='bbox 1246 1352 1376 1394; x_wconf 89' lang='lat' dir='ltr'>non</span> <span class='ocrx_word' id='word_1_82' title='bbox 1412 1342 1569 1397; x_wconf 90' lang='lat' dir='ltr'>erat.</span> <span class='ocrx_word' id='word_1_83' title='bbox 1663 1332 1863 1415; x_wconf 80' lang='lat' dir='ltr'>Quod</span> <span class='ocrx_word' id='word_1_84' title='bbox 1895 1352 2056 1416; x_wconf 87' lang='lat' dir='ltr'>ergo</span> <span class='ocrx_word' id='word_1_85' title='bbox 2087 1333 2398 1395; x_wconf 90' lang='lat' dir='ltr'>dominus</span> <span class='ocrx_word' id='word_1_86' title='bbox 2432 1332 2675 1395; x_wconf 88' lang='lat' dir='ltr'>fatetur</span> <span class='ocrx_word' id='word_1_87' title='bbox 2707 1332 2792 1395; x_wconf 90' lang='lat' dir='ltr'>de</span> 
     </span>
     <span class='ocr_line' id='line_1_11' title="bbox 383 1418 2793 1503; baseline 0.001 -23"><span class='ocrx_word' id='word_1_88' title='bbox 383 1420 609 1502; x_wconf 90' lang='lat' dir='ltr'>spiritu</span> <span class='ocrx_word' id='word_1_89' title='bbox 637 1442 651 1482; x_wconf 74' lang='grc' dir='ltr'>ε</span> <span class='ocrx_word' id='word_1_90' title='bbox 697 1418 823 1482; x_wconf 92' lang='lat' dir='ltr'>hoc</span> <span class='ocrx_word' id='word_1_91' title='bbox 853 1419 1140 1482; x_wconf 85' lang='lat' dir='ltr'>Ioannes</span> <span class='ocrx_word' id='word_1_92' title='bbox 1164 1420 1453 1503; x_wconf 88' lang='lat' dir='ltr'>denegat</span> <span class='ocrx_word' id='word_1_93' title='bbox 1485 1419 1568 1482; x_wconf 92' lang='lat' dir='ltr'>de</span> <span class='ocrx_word' id='word_1_94' title='bbox 1594 1440 1894 1502; x_wconf 87' lang='lat' dir='ltr'>persona,</span> <span class='ocrx_word' id='word_1_95' title='bbox 1920 1419 2096 1503; x_wconf 81' lang='lat' dir='ltr'>Quia</span> <span class='ocrx_word' id='word_1_96' title='bbox 2130 1429 2196 1481; x_wconf 94' lang='lat' dir='ltr'>et</span> <span class='ocrx_word' id='word_1_97' title='bbox 2229 1419 2474 1482; x_wconf 84' lang='lat' dir='ltr'>iustum</span> <span class='ocrx_word' id='word_1_98' title='bbox 2508 1420 2601 1481; x_wconf 90' lang='lat' dir='ltr'>sic</span> <span class='ocrx_word' id='word_1_99' title='bbox 2633 1430 2793 1497; x_wconf 89' lang='lat' dir='ltr'>erat,</span> 
     </span>
     <span class='ocr_line' id='line_1_12' title="bbox 380 1506 2790 1590; baseline -0 -21"><span class='ocrx_word' id='word_1_100' title='bbox 380 1518 447 1570; x_wconf 90' lang='lat' dir='ltr'>vt</span> <span class='ocrx_word' id='word_1_101' title='bbox 476 1507 817 1588; x_wconf 88' lang='lat' dir='ltr'>discipulis</span> <span class='ocrx_word' id='word_1_102' title='bbox 863 1506 1173 1569; x_wconf 90' lang='lat' dir='ltr'>dominus</span> <span class='ocrx_word' id='word_1_103' title='bbox 1218 1506 1626 1590; x_wconf 89' lang='lat' dir='ltr'>spiritualem</span> <span class='ocrx_word' id='word_1_104' title='bbox 1661 1507 1746 1570; x_wconf 93' lang='lat' dir='ltr'>de</span> <span class='ocrx_word' id='word_1_105' title='bbox 1784 1507 2036 1570; x_wconf 88' lang='lat' dir='ltr'>Ioanne</span> <span class='ocrx_word' id='word_1_106' title='bbox 2064 1508 2467 1569; x_wconf 89' lang='lat' dir='ltr'>sententiam</span> <span class='ocrx_word' id='word_1_107' title='bbox 2500 1506 2747 1570; x_wconf 89' lang='lat' dir='ltr'>diceret</span> <span class='ocrx_word' id='word_1_108' title='bbox 2777 1530 2790 1569; x_wconf 90' lang='lat'>:</span> 
     </span>
     <span class='ocr_line' id='line_1_13' title="bbox 385 1593 2793 1675; baseline 0 -20"><span class='ocrx_word' id='word_1_109' title='bbox 385 1604 446 1655; x_wconf 90' lang='lat' dir='ltr'>et</span> <span class='ocrx_word' id='word_1_110' title='bbox 499 1594 784 1656; x_wconf 85' lang='lat' dir='ltr'>Ioannes</span> <span class='ocrx_word' id='word_1_111' title='bbox 830 1595 1008 1657; x_wconf 91' lang='lat' dir='ltr'>idem</span> <span class='ocrx_word' id='word_1_112' title='bbox 1059 1593 1269 1657; x_wconf 92' lang='lat' dir='ltr'>turbis</span> <span class='ocrx_word' id='word_1_113' title='bbox 1322 1593 1695 1657; x_wconf 85' lang='lat' dir='ltr'>carnalibus</span> <span class='ocrx_word' id='word_1_114' title='bbox 1746 1615 1877 1656; x_wconf 90' lang='lat' dir='ltr'>non</span> <span class='ocrx_word' id='word_1_115' title='bbox 1929 1597 2014 1657; x_wconf 94' lang='lat' dir='ltr'>de</span> <span class='ocrx_word' id='word_1_116' title='bbox 2066 1613 2188 1656; x_wconf 92' lang='lat' dir='ltr'>suo</span> <span class='ocrx_word' id='word_1_117' title='bbox 2241 1595 2495 1675; x_wconf 89' lang='lat' dir='ltr'>spiritu,</span> <span class='ocrx_word' id='word_1_118' title='bbox 2541 1594 2653 1656; x_wconf 92' lang='lat' dir='ltr'>sed</span> <span class='ocrx_word' id='word_1_119' title='bbox 2708 1593 2793 1656; x_wconf 93' lang='lat' dir='ltr'>de</span> 
     </span>
     <span class='ocr_line' id='line_1_14' title="bbox 382 1679 2790 1764; baseline -0.001 -20"><span class='ocrx_word' id='word_1_120' title='bbox 382 1700 652 1762; x_wconf 92' lang='lat' dir='ltr'>corpore</span> <span class='ocrx_word' id='word_1_121' title='bbox 685 1681 1115 1763; x_wconf 88' lang='lat' dir='ltr'>responderet</span> <span class='ocrx_word' id='word_1_122' title='bbox 1148 1680 1571 1745; x_wconf 88' lang='lat' dir='ltr'>Contrarium</span> <span class='ocrx_word' id='word_1_123' title='bbox 1603 1702 1766 1764; x_wconf 87' lang='lat' dir='ltr'>ergo</span> <span class='ocrx_word' id='word_1_124' title='bbox 1797 1682 2057 1744; x_wconf 90' lang='lat' dir='ltr'>videtur</span> <span class='ocrx_word' id='word_1_125' title='bbox 2100 1701 2245 1743; x_wconf 91' lang='lat' dir='ltr'>esse</span> <span class='ocrx_word' id='word_1_126' title='bbox 2291 1679 2579 1743; x_wconf 79' lang='lat' dir='ltr'>veritati3</span> <span class='ocrx_word' id='word_1_127' title='bbox 2609 1679 2790 1762; x_wconf 91' lang='lat' dir='ltr'>quod</span> 
     </span>
     <span class='ocr_line' id='line_1_15' title="bbox 389 1768 2568 1832; baseline 0.001 -2"><span class='ocrx_word' id='word_1_128' title='bbox 389 1769 672 1830; x_wconf 87' lang='lat' dir='ltr'>Ioannes</span> <span class='ocrx_word' id='word_1_129' title='bbox 702 1769 959 1832; x_wconf 90' lang='lat' dir='ltr'>sonuit:</span> <span class='ocrx_word' id='word_1_130' title='bbox 1011 1769 1126 1831; x_wconf 89' lang='lat' dir='ltr'>sed</span> <span class='ocrx_word' id='word_1_131' title='bbox 1162 1778 1386 1831; x_wconf 84' lang='lat' dir='ltr'>tamen</span> <span class='ocrx_word' id='word_1_132' title='bbox 1420 1788 1460 1830; x_wconf 91' lang='lat' dir='ltr'>a</span> <span class='ocrx_word' id='word_1_133' title='bbox 1492 1769 1788 1831; x_wconf 88' lang='lat' dir='ltr'>veritatis</span> <span class='ocrx_word' id='word_1_134' title='bbox 1819 1770 2084 1831; x_wconf 90' lang='lat' dir='ltr'>tramite</span> <span class='ocrx_word' id='word_1_135' title='bbox 2119 1788 2251 1831; x_wconf 88' lang='lat' dir='ltr'>non</span> <span class='ocrx_word' id='word_1_136' title='bbox 2286 1768 2568 1832; x_wconf 84' lang='lat' dir='ltr'>recessit.</span> 
     </span>
    </p>
   </div>
   <div class='ocr_carea' id='block_1_3' title="bbox 1145 1930 2027 2012">
    <p class='ocr_par' dir='ltr' id='par_1_3' title="bbox 1145 1930 2027 2012">
     <span class='ocr_line' id='line_1_16' title="bbox 1145 1930 2027 2012; baseline -0.001 -19"><span class='ocrx_word' id='word_1_137' title='bbox 1145 1937 1210 2006; x_wconf 69' lang='grc' dir='ltr'>(Ι</span> <span class='ocrx_word' id='word_1_138' title='bbox 1255 1931 1382 1993; x_wconf 85' lang='lat' dir='ltr'>Ad</span> <span class='ocrx_word' id='word_1_139' title='bbox 1403 1931 1628 1994; x_wconf 83' lang='lat' dir='ltr'>landes</span> <span class='ocrx_word' id='word_1_140' title='bbox 1658 1930 2027 2012; x_wconf 77' lang='lat' dir='ltr'>antiphona.</span> 
     </span>
    </p>
   </div>
   <div class='ocr_carea' id='block_1_4' title="bbox 381 2041 2796 2474">
    <p class='ocr_par' dir='ltr' id='par_1_4' title="bbox 381 2041 2796 2474">
     <span class='ocr_line' id='line_1_17' title="bbox 558 2041 2791 2126; baseline 0.001 -22"><span class='ocrx_word' id='word_1_141' title='bbox 558 2062 677 2104; x_wconf 86' lang='lat' dir='ltr'>rex</span> <span class='ocrx_word' id='word_1_142' title='bbox 710 2042 1032 2126; x_wconf 87' lang='lat' dir='ltr'>gentium,</span> <span class='ocrx_word' id='word_1_143' title='bbox 1064 2053 1132 2106; x_wconf 90' lang='lat' dir='ltr'>et</span> <span class='ocrx_word' id='word_1_144' title='bbox 1177 2041 1615 2124; x_wconf 88' lang='lat' dir='ltr'>desyderatus</span> <span class='ocrx_word' id='word_1_145' title='bbox 1664 2064 1910 2117; x_wconf 88' lang='lat' dir='ltr'>earum,</span> <span class='ocrx_word' id='word_1_146' title='bbox 1942 2042 2244 2125; x_wconf 86' lang='lat' dir='ltr'>lapisque</span> <span class='ocrx_word' id='word_1_147' title='bbox 2290 2041 2643 2125; x_wconf 86' lang='lat' dir='ltr'>angularis,</span> <span class='ocrx_word' id='word_1_148' title='bbox 2678 2044 2791 2124; x_wconf 92' lang='lat' dir='ltr'>qui</span> 
     </span>
     <span class='ocr_line' id='line_1_18' title="bbox 383 2129 2796 2279; baseline 0 -88"><span class='ocrx_word' id='word_1_149' title='bbox 383 2217 413 2279; x_wconf 72' lang='lat' dir='ltr'>f</span> <span class='ocrx_word' id='word_1_150' title='bbox 560 2129 749 2278; x_wconf 48' lang='lat' dir='ltr'>sapis*</span> <span class='ocrx_word' id='word_1_151' title='bbox 798 2139 1075 2212; x_wconf 88' lang='lat' dir='ltr'>vtraque</span> <span class='ocrx_word' id='word_1_152' title='bbox 1128 2150 1353 2206; x_wconf 89' lang='lat' dir='ltr'>vnum,</span> <span class='ocrx_word' id='word_1_153' title='bbox 1398 2131 1567 2206; x_wconf 89' lang='lat' dir='ltr'>veni,</span> <span class='ocrx_word' id='word_1_154' title='bbox 1614 2131 1802 2193; x_wconf 89' lang='lat' dir='ltr'>salua</span> <span class='ocrx_word' id='word_1_155' title='bbox 1846 2130 2207 2205; x_wconf 86' lang='lat' dir='ltr'>hominem,</span> <span class='ocrx_word' id='word_1_156' title='bbox 2254 2149 2452 2210; x_wconf 93' lang='lat' dir='ltr'>quem</span> <span class='ocrx_word' id='word_1_157' title='bbox 2502 2131 2586 2192; x_wconf 93' lang='lat' dir='ltr'>de</span> <span class='ocrx_word' id='word_1_158' title='bbox 2633 2130 2796 2192; x_wconf 93' lang='lat' dir='ltr'>limo</span> 
     </span>
     <span class='ocr_line' id='line_1_19' title="bbox 408 2236 697 2280; baseline 0.003 -1"><span class='ocrx_word' id='word_1_159' title='bbox 408 2236 627 2279; x_wconf 90' lang='lat' dir='ltr'>ormas</span> <span class='ocrx_word' id='word_1_160' title='bbox 661 2238 697 2280; x_wconf 90' lang='grc' dir='ltr'>ι.</span> 
     </span>
     <span class='ocr_line' id='line_1_20' title="bbox 510 2303 2796 2387; baseline 0 -22"><span class='ocrx_word' id='word_1_161' title='bbox 510 2309 575 2378; x_wconf 72' lang='lat'>(1</span> <span class='ocrx_word' id='word_1_162' title='bbox 621 2303 764 2366; x_wconf 84' lang='lat' dir='ltr'>Hec</span> <span class='ocrx_word' id='word_1_163' title='bbox 809 2303 1162 2385; x_wconf 77' lang='lat' dir='ltr'>antiphona</span> <span class='ocrx_word' id='word_1_164' title='bbox 1213 2304 1484 2367; x_wconf 84' lang='lat' dir='ltr'>dicenda</span> <span class='ocrx_word' id='word_1_165' title='bbox 1543 2314 1640 2367; x_wconf 81' lang='lat' dir='ltr'>est</span> <span class='ocrx_word' id='word_1_166' title='bbox 1694 2304 1792 2366; x_wconf 86' lang='lat' dir='ltr'>ad</span> <span class='ocrx_word' id='word_1_167' title='bbox 1841 2304 2066 2368; x_wconf 86' lang='lat' dir='ltr'>laudes</span> <span class='ocrx_word' id='word_1_168' title='bbox 2113 2325 2307 2387; x_wconf 82' lang='lat' dir='ltr'><em>vsque</em></span> <span class='ocrx_word' id='word_1_169' title='bbox 2356 2304 2453 2367; x_wconf 84' lang='lat' dir='ltr'>ad</span> <span class='ocrx_word' id='word_1_170' title='bbox 2491 2303 2796 2386; x_wconf 64' lang='lat' dir='ltr'>vigiliam</span> 
     </span>
     <span class='ocr_line' id='line_1_21' title="bbox 381 2390 2189 2474; baseline 0.003 -22"><span class='ocrx_word' id='word_1_171' title='bbox 381 2390 758 2453; x_wconf 70' lang='lat' dir='ltr'>natiuitatis·</span> <span class='ocrx_word' id='word_1_172' title='bbox 784 2391 1100 2453; x_wconf 79' lang='lat' dir='ltr'>exclusiue</span> <span class='ocrx_word' id='word_1_173' title='bbox 1127 2391 1384 2474; x_wconf 86' lang='lat' dir='ltr'>quando</span> <span class='ocrx_word' id='word_1_174' title='bbox 1414 2413 1538 2453; x_wconf 91' lang='lat' dir='ltr'>non</span> <span class='ocrx_word' id='word_1_175' title='bbox 1569 2392 1801 2474; x_wconf 84' lang='lat' dir='ltr'>agitur</span> <span class='ocrx_word' id='word_1_176' title='bbox 1826 2392 1904 2454; x_wconf 82' lang='lat' dir='ltr'>de</span> <span class='ocrx_word' id='word_1_177' title='bbox 1928 2391 2189 2457; x_wconf 72' lang='lat' dir='ltr'>sancta⁵</span> 
     </span>
    </p>
   </div>
   <div class='ocr_carea' id='block_1_5' title="bbox 1471 2527 1715 2593">
    <p class='ocr_par' dir='ltr' id='par_1_5' title="bbox 1471 2527 1715 2593">
     <span class='ocr_line' id='line_1_22' title="bbox 1471 2527 1715 2593; baseline 0.004 -1"><span class='ocrx_word' id='word_1_178' title='bbox 1471 2527 1715 2593; x_wconf 79' lang='lat' dir='ltr'>Oratio,</span> 
     </span>
    </p>
   </div>
   <div class='ocr_carea' id='block_1_6' title="bbox 382 2640 2803 3246">
    <p class='ocr_par' dir='ltr' id='par_1_6' title="bbox 384 2640 2802 2895">
     <span class='ocr_line' id='line_1_23' title="bbox 391 2640 2802 2769; baseline 0 -67"><span class='ocrx_word' id='word_1_179' title='bbox 391 2640 737 2769; x_wconf 79' lang='lat' dir='ltr'>AVrem</span> <span class='ocrx_word' id='word_1_180' title='bbox 786 2649 989 2717; x_wconf 92' lang='lat' dir='ltr'>tuam,</span> <span class='ocrx_word' id='word_1_181' title='bbox 1037 2661 1399 2722; x_wconf 88' lang='lat' dir='ltr'>quesumus</span> <span class='ocrx_word' id='word_1_182' title='bbox 1445 2640 1732 2715; x_wconf 89' lang='lat' dir='ltr'>domine,</span> <span class='ocrx_word' id='word_1_183' title='bbox 1783 2641 2087 2722; x_wconf 91' lang='lat' dir='ltr'>precibus</span> <span class='ocrx_word' id='word_1_184' title='bbox 2129 2641 2370 2703; x_wconf 89' lang='lat' dir='ltr'>nostris</span> <span class='ocrx_word' id='word_1_185' title='bbox 2416 2642 2802 2716; x_wconf 89' lang='lat' dir='ltr'>accomoda,</span> 
     </span>
     <span class='ocr_line' id='line_1_24' title="bbox 560 2727 2798 2809; baseline -0 -20"><span class='ocrx_word' id='word_1_186' title='bbox 560 2735 629 2790; x_wconf 90' lang='lat' dir='ltr'>et</span> <span class='ocrx_word' id='word_1_187' title='bbox 692 2728 932 2790; x_wconf 90' lang='lat' dir='ltr'>mentis</span> <span class='ocrx_word' id='word_1_188' title='bbox 994 2740 1217 2790; x_wconf 89' lang='lat' dir='ltr'>nostre</span> <span class='ocrx_word' id='word_1_189' title='bbox 1270 2728 1579 2791; x_wconf 88' lang='lat' dir='ltr'>tenebras</span> <span class='ocrx_word' id='word_1_190' title='bbox 1633 2731 1850 2809; x_wconf 87' lang='lat' dir='ltr'>gratia</span> <span class='ocrx_word' id='word_1_191' title='bbox 1895 2736 2012 2791; x_wconf 91' lang='lat' dir='ltr'>tua</span> <span class='ocrx_word' id='word_1_192' title='bbox 2058 2728 2457 2792; x_wconf 86' lang='lat' dir='ltr'>visitationis</span> <span class='ocrx_word' id='word_1_193' title='bbox 2504 2727 2798 2790; x_wconf 87' lang='lat' dir='ltr'>illustra:</span> 
     </span>
     <span class='ocr_line' id='line_1_25' title="bbox 384 2814 991 2895; baseline -0.002 -18"><span class='ocrx_word' id='word_1_194' title='bbox 384 2814 497 2895; x_wconf 91' lang='lat' dir='ltr'>qui</span> <span class='ocrx_word' id='word_1_195' title='bbox 529 2814 713 2878; x_wconf 82' lang='lat' dir='ltr'>vinis,</span> <span class='ocrx_word' id='word_1_196' title='bbox 746 2824 868 2877; x_wconf 89' lang='lat' dir='ltr'>ete.</span> <span class='ocrx_word' id='word_1_197' title='bbox 985 2832 991 2839; x_wconf 89' lang='lat'>·</span> 
     </span>
    </p>

    <p class='ocr_par' dir='ltr' id='par_1_7' title="bbox 382 2901 2803 3246">
     <span class='ocr_line' id='line_1_26' title="bbox 514 2901 2800 2984; baseline -0 -20"><span class='ocrx_word' id='word_1_198' title='bbox 514 2901 638 2964; x_wconf 78' lang='lat' dir='ltr'>Ad</span> <span class='ocrx_word' id='word_1_199' title='bbox 675 2911 968 2982; x_wconf 82' lang='lat' dir='ltr'>vesperas</span> <span class='ocrx_word' id='word_1_200' title='bbox 1018 2901 1386 2982; x_wconf 75' lang='lat' dir='ltr'>antiphona.</span> <span class='ocrx_word' id='word_1_201' title='bbox 1478 2901 1540 2966; x_wconf 93' lang='lat' dir='ltr'>O</span> <span class='ocrx_word' id='word_1_202' title='bbox 1590 2901 1993 2965; x_wconf 88' lang='lat' dir='ltr'>Emmanuel</span> <span class='ocrx_word' id='word_1_203' title='bbox 2028 2923 2168 2979; x_wconf 85' lang='lat' dir='ltr'>rex,</span> <span class='ocrx_word' id='word_1_204' title='bbox 2198 2911 2265 2964; x_wconf 92' lang='lat' dir='ltr'>et</span> <span class='ocrx_word' id='word_1_205' title='bbox 2297 2901 2527 2984; x_wconf 83' lang='lat' dir='ltr'>legifer</span> <span class='ocrx_word' id='word_1_206' title='bbox 2558 2911 2800 2976; x_wconf 90' lang='lat' dir='ltr'>noster,</span> 
     </span>
     <span class='ocr_line' id='line_1_27' title="bbox 385 2988 2800 3072; baseline 0 -22"><span class='ocrx_word' id='word_1_207' title='bbox 385 2989 771 3070; x_wconf 86' lang='lat' dir='ltr'>expectatio</span> <span class='ocrx_word' id='word_1_208' title='bbox 819 2989 1139 3072; x_wconf 84' lang='lat' dir='ltr'>gentium,</span> <span class='ocrx_word' id='word_1_209' title='bbox 1172 3001 1239 3051; x_wconf 92' lang='lat' dir='ltr'>et</span> <span class='ocrx_word' id='word_1_210' title='bbox 1290 2988 1587 3052; x_wconf 89' lang='lat' dir='ltr'>saluator</span> <span class='ocrx_word' id='word_1_211' title='bbox 1630 3009 1879 3065; x_wconf 86' lang='lat' dir='ltr'>earum,</span> <span class='ocrx_word' id='word_1_212' title='bbox 1907 2990 2057 3052; x_wconf 89' lang='lat' dir='ltr'>veni</span> <span class='ocrx_word' id='word_1_213' title='bbox 2108 2991 2194 3051; x_wconf 84' lang='lat' dir='ltr'>ad</span> <span class='ocrx_word' id='word_1_214' title='bbox 2245 2988 2642 3051; x_wconf 90' lang='lat' dir='ltr'>saluandum</span> <span class='ocrx_word' id='word_1_215' title='bbox 2675 3008 2800 3050; x_wconf 89' lang='lat' dir='ltr'>nos</span> 
     </span>
     <span class='ocr_line' id='line_1_28' title="bbox 382 3074 2803 3157; baseline -0 -20"><span class='ocrx_word' id='word_1_216' title='bbox 382 3075 654 3138; x_wconf 90' lang='lat' dir='ltr'>domine</span> <span class='ocrx_word' id='word_1_217' title='bbox 685 3075 848 3138; x_wconf 87' lang='lat' dir='ltr'>deus</span> <span class='ocrx_word' id='word_1_218' title='bbox 880 3086 1121 3140; x_wconf 88' lang='lat' dir='ltr'>noster.</span> <span class='ocrx_word' id='word_1_219' title='bbox 1207 3081 1275 3151; x_wconf 71' lang='grc' dir='ltr'>(Ι</span> <span class='ocrx_word' id='word_1_220' title='bbox 1320 3075 1462 3138; x_wconf 85' lang='lat' dir='ltr'>Hec</span> <span class='ocrx_word' id='word_1_221' title='bbox 1488 3075 1841 3157; x_wconf 76' lang='lat' dir='ltr'>antiphona</span> <span class='ocrx_word' id='word_1_222' title='bbox 1872 3074 2140 3139; x_wconf 67' lang='lat' dir='ltr'>dicitur⁶</span> <span class='ocrx_word' id='word_1_223' title='bbox 2168 3076 2267 3138; x_wconf 90' lang='lat' dir='ltr'>ad</span> <span class='ocrx_word' id='word_1_224' title='bbox 2285 3086 2579 3157; x_wconf 84' lang='lat' dir='ltr'>vesperas</span> <span class='ocrx_word' id='word_1_225' title='bbox 2607 3095 2803 3157; x_wconf 83' lang='lat' dir='ltr'>vsqne</span> 
     </span>
     <span class='ocr_line' id='line_1_29' title="bbox 382 3162 2129 3246; baseline 0.001 -23"><span class='ocrx_word' id='word_1_226' title='bbox 382 3163 482 3224; x_wconf 85' lang='lat' dir='ltr'>ad</span> <span class='ocrx_word' id='word_1_227' title='bbox 506 3162 805 3243; x_wconf 57' lang='lat' dir='ltr'>vigiliam</span> <span class='ocrx_word' id='word_1_228' title='bbox 839 3162 1215 3225; x_wconf 85' lang='lat' dir='ltr'>natiuitatis</span> <span class='ocrx_word' id='word_1_229' title='bbox 1242 3163 1499 3245; x_wconf 85' lang='lat' dir='ltr'>quando</span> <span class='ocrx_word' id='word_1_230' title='bbox 1530 3184 1655 3225; x_wconf 89' lang='lat' dir='ltr'>non</span> <span class='ocrx_word' id='word_1_231' title='bbox 1669 3162 1767 3246; x_wconf 88' lang='lat' dir='ltr'>fit</span> <span class='ocrx_word' id='word_1_232' title='bbox 1791 3163 1869 3225; x_wconf 84' lang='lat' dir='ltr'>de</span> <span class='ocrx_word' id='word_1_233' title='bbox 1895 3180 2129 3226; x_wconf 82' lang='lat' dir='ltr'>sancto.</span> 
     </span>
    </p>
   </div>
   <div class='ocr_carea' id='block_1_7' title="bbox 993 3322 2186 3406">
    <p class='ocr_par' dir='ltr' id='par_1_8' title="bbox 993 3322 2186 3406">
     <span class='ocr_line' id='line_1_30' title="bbox 993 3322 2186 3406; baseline 0.002 -19"><span class='ocrx_word' id='word_1_234' title='bbox 993 3331 1058 3400; x_wconf 69' lang='grc' dir='ltr'>(Ι</span> <span class='ocrx_word' id='word_1_235' title='bbox 1107 3324 1304 3387; x_wconf 83' lang='lat' dir='ltr'>Feria</span> <span class='ocrx_word' id='word_1_236' title='bbox 1336 3325 1421 3406; x_wconf 59' lang='lat' dir='ltr'>,ill</span> <span class='ocrx_word' id='word_1_237' title='bbox 1453 3346 1531 3386; x_wconf 77' lang='lat' dir='ltr'>ex</span> <span class='ocrx_word' id='word_1_238' title='bbox 1566 3322 1792 3388; x_wconf 64' lang='grc' dir='ltr'>Ιςαία.7</span> <span class='ocrx_word' id='word_1_239' title='bbox 1881 3324 2095 3387; x_wconf 85' lang='lat' dir='ltr'>Lectio</span> <span class='ocrx_word' id='word_1_240' title='bbox 2124 3326 2186 3405; x_wconf 74' lang='lat' dir='ltr'>j.</span> 
     </span>
    </p>
   </div>
   <div class='ocr_carea' id='block_1_8' title="bbox 385 3435 2799 3605">
    <p class='ocr_par' dir='ltr' id='par_1_9' title="bbox 385 3435 2799 3605">
     <span class='ocr_line' id='line_1_31' title="bbox 385 3435 2799 3567; baseline 0 -68"><span class='ocrx_word' id='word_1_241' title='bbox 385 3436 749 3567; x_wconf 77' lang='lat' dir='ltr'>CLama,</span> <span class='ocrx_word' id='word_1_242' title='bbox 779 3457 864 3499; x_wconf 88' lang='lat' dir='ltr'>ne</span> <span class='ocrx_word' id='word_1_243' title='bbox 917 3457 1152 3512; x_wconf 81' lang='lat' dir='ltr'>cesseS‚</span> <span class='ocrx_word' id='word_1_244' title='bbox 1181 3436 1372 3517; x_wconf 90' lang='lat' dir='ltr'>quasi</span> <span class='ocrx_word' id='word_1_245' title='bbox 1427 3437 1587 3500; x_wconf 90' lang='lat' dir='ltr'>tuba</span> <span class='ocrx_word' id='word_1_246' title='bbox 1618 3437 1846 3500; x_wconf 86' lang='lat' dir='ltr'>exalta</span> <span class='ocrx_word' id='word_1_247' title='bbox 1891 3457 2123 3499; x_wconf 90' lang='lat' dir='ltr'>vocem</span> <span class='ocrx_word' id='word_1_248' title='bbox 2156 3445 2342 3499; x_wconf 90' lang='lat' dir='ltr'>tuam</span> <span class='ocrx_word' id='word_1_249' title='bbox 2493 3435 2799 3518; x_wconf 91' lang='lat' dir='ltr'>implebit</span> 
     </span>
     <span class='ocr_line' id='line_1_32' title="bbox 543 3523 2362 3605; baseline 0.002 -20"><span class='ocrx_word' id='word_1_250' title='bbox 543 3524 1008 3605; x_wconf 89' lang='lat' dir='ltr'>splendoribus</span> <span class='ocrx_word' id='word_1_251' title='bbox 1053 3524 1345 3586; x_wconf 86' lang='lat' dir='ltr'>animam</span> <span class='ocrx_word' id='word_1_252' title='bbox 1379 3533 1583 3587; x_wconf 91' lang='lat' dir='ltr'>tuam.</span> <span class='ocrx_word' id='word_1_253' title='bbox 1614 3533 1682 3586; x_wconf 93' lang='lat' dir='ltr'>et</span> <span class='ocrx_word' id='word_1_254' title='bbox 1713 3543 1864 3587; x_wconf 91' lang='lat' dir='ltr'>ossa</span> <span class='ocrx_word' id='word_1_255' title='bbox 1894 3534 2010 3587; x_wconf 92' lang='lat' dir='ltr'>tua</span> <span class='ocrx_word' id='word_1_256' title='bbox 2041 3523 2362 3588; x_wconf 90' lang='lat' dir='ltr'>liberabit.</span> 
     </span>
    </p>
   </div>
   <div class='ocr_carea' id='block_1_9' title="bbox 980 3670 2210 3753">
    <p class='ocr_par' dir='ltr' id='par_1_10' title="bbox 980 3670 2210 3753">
     <span class='ocr_line' id='line_1_33' title="bbox 980 3670 2210 3753; baseline 0 -17"><span class='ocrx_word' id='word_1_257' title='bbox 980 3679 1048 3749; x_wconf 71' lang='lat' dir='ltr'>(I</span> <span class='ocrx_word' id='word_1_258' title='bbox 1097 3673 1467 3736; x_wconf 81' lang='lat' dir='ltr'>Secundum</span> <span class='ocrx_word' id='word_1_259' title='bbox 1498 3670 1794 3737; x_wconf 78' lang='lat' dir='ltr'>Lucam.⁸</span> <span class='ocrx_word' id='word_1_260' title='bbox 1880 3672 2093 3735; x_wconf 85' lang='lat' dir='ltr'>Lectio</span> <span class='ocrx_word' id='word_1_261' title='bbox 2123 3672 2210 3753; x_wconf 77' lang='lat' dir='ltr'>.ij.</span> 
     </span>
    </p>
   </div>
   <div class='ocr_carea' id='block_1_10' title="bbox 383 3783 2802 3954">
    <p class='ocr_par' dir='ltr' id='par_1_11' title="bbox 383 3783 2802 3954">
     <span class='ocr_line' id='line_1_34' title="bbox 383 3783 2802 3917; baseline 0 -69"><span class='ocrx_word' id='word_1_262' title='bbox 383 3785 655 3917; x_wconf 78' lang='lat' dir='ltr'>CVm</span> <span class='ocrx_word' id='word_1_263' title='bbox 704 3796 930 3848; x_wconf 89' lang='lat' dir='ltr'>autem</span> <span class='ocrx_word' id='word_1_264' title='bbox 983 3786 1323 3867; x_wconf 87' lang='lat' dir='ltr'>implesset</span> <span class='ocrx_word' id='word_1_265' title='bbox 1376 3785 1603 3847; x_wconf 89' lang='lat' dir='ltr'>omnia</span> <span class='ocrx_word' id='word_1_266' title='bbox 1655 3783 1856 3847; x_wconf 89' lang='lat' dir='ltr'>verba</span> <span class='ocrx_word' id='word_1_267' title='bbox 2005 3794 2072 3847; x_wconf 91' lang='lat' dir='ltr'>et</span> <span class='ocrx_word' id='word_1_268' title='bbox 2103 3784 2261 3865; x_wconf 88' lang='lat' dir='ltr'>quia</span> <span class='ocrx_word' id='word_1_269' title='bbox 2291 3784 2457 3847; x_wconf 90' lang='lat' dir='ltr'>deus</span> <span class='ocrx_word' id='word_1_270' title='bbox 2505 3784 2802 3848; x_wconf 89' lang='lat' dir='ltr'>visitauit</span> 
     </span>
     <span class='ocr_line' id='line_1_35' title="bbox 548 3871 1057 3954; baseline 0.002 -21"><span class='ocrx_word' id='word_1_271' title='bbox 548 3871 812 3954; x_wconf 89' lang='lat' dir='ltr'>plebem</span> <span class='ocrx_word' id='word_1_272' title='bbox 844 3893 1057 3935; x_wconf 91' lang='lat' dir='ltr'>suam.</span> 
     </span>
    </p>
   </div>
   <div class='ocr_carea' id='block_1_11' title="bbox 520 4024 2336 4219">
    <p class='ocr_par' dir='ltr' id='par_1_12' title="bbox 520 4024 2336 4219">
     <span class='ocr_line' id='line_1_36' title="bbox 966 4024 2229 4107; baseline 0.001 -20"><span class='ocrx_word' id='word_1_273' title='bbox 966 4032 1031 4101; x_wconf 69' lang='grc' dir='ltr'>(Ι</span> <span class='ocrx_word' id='word_1_274' title='bbox 1091 4025 1312 4089; x_wconf 83' lang='lat' dir='ltr'>Tertia</span> <span class='ocrx_word' id='word_1_275' title='bbox 1341 4025 1516 4088; x_wconf 85' lang='lat' dir='ltr'>lectio</span> <span class='ocrx_word' id='word_1_276' title='bbox 1544 4026 1801 4107; x_wconf 80' lang='lat' dir='ltr'>quando</span> <span class='ocrx_word' id='word_1_277' title='bbox 1813 4024 1912 4105; x_wconf 87' lang='lat' dir='ltr'>fit</span> <span class='ocrx_word' id='word_1_278' title='bbox 1937 4025 2014 4086; x_wconf 81' lang='lat' dir='ltr'>de</span> <span class='ocrx_word' id='word_1_279' title='bbox 2027 4025 2229 4105; x_wconf 81' lang='lat' dir='ltr'>feria.</span> 
     </span>
     <span class='ocr_line' id='line_1_37' title="bbox 520 4135 2336 4219; baseline -0.001 -17"><span class='ocrx_word' id='word_1_280' title='bbox 520 4137 840 4202; x_wconf 88' lang='lat' dir='ltr'>Sanctam</span> <span class='ocrx_word' id='word_1_281' title='bbox 874 4149 942 4202; x_wconf 89' lang='lat' dir='ltr'>et</span> <span class='ocrx_word' id='word_1_282' title='bbox 972 4137 1519 4219; x_wconf 88' lang='lat' dir='ltr'>desyderabilem.</span> <span class='ocrx_word' id='word_1_283' title='bbox 1554 4148 1660 4199; x_wconf 84' lang='lat' dir='ltr'>etc.</span> <span class='ocrx_word' id='word_1_284' title='bbox 1693 4147 1767 4199; x_wconf 74' lang='lat' dir='ltr'>vt</span> <span class='ocrx_word' id='word_1_285' title='bbox 1792 4148 1991 4217; x_wconf 79' lang='lat' dir='ltr'>supra</span> <span class='ocrx_word' id='word_1_286' title='bbox 2003 4138 2178 4215; x_wconf 85' lang='lat' dir='ltr'>solio</span> <span class='ocrx_word' id='word_1_287' title='bbox 2207 4135 2336 4202; x_wconf 57' lang='lat'>663³</span> 
     </span>
    </p>
   </div>
   <div class='ocr_carea' id='block_1_12' title="bbox 474 4344 2567 4527">
    <p class='ocr_par' dir='ltr' id='par_1_13' title="bbox 474 4344 2567 4527">
     <span class='ocr_line' id='line_1_38' title="bbox 475 4344 2567 4441; baseline 0.001 -50"><span class='ocrx_word' id='word_1_288' title='bbox 475 4346 499 4441; x_wconf 50' lang='grc' dir='ltr'>Ξ</span> <span class='ocrx_word' id='word_1_289' title='bbox 533 4345 818 4421; x_wconf 56' lang='grc' dir='ltr'>(2οξᾶερι.</span> <span class='ocrx_word' id='word_1_290' title='bbox 1594 4345 1620 4440; x_wconf 58' lang='lat' dir='ltr'>i</span> <span class='ocrx_word' id='word_1_291' title='bbox 1650 4346 1910 4410; x_wconf 82' lang='lat' dir='ltr'>preuenit:</span> <span class='ocrx_word' id='word_1_292' title='bbox 1949 4358 2026 4408; x_wconf 89' lang='lat'>39.</span> <span class='ocrx_word' id='word_1_293' title='bbox 2055 4359 2134 4407; x_wconf 85' lang='lat'>41.</span> <span class='ocrx_word' id='word_1_294' title='bbox 2164 4345 2243 4393; x_wconf 88' lang='lat'>60.</span> <span class='ocrx_word' id='word_1_295' title='bbox 2272 4344 2350 4394; x_wconf 89' lang='lat'>61.</span> <span class='ocrx_word' id='word_1_296' title='bbox 2381 4344 2460 4407; x_wconf 85' lang='lat'>63.</span> <span class='ocrx_word' id='word_1_297' title='bbox 2488 4344 2567 4406; x_wconf 91' lang='lat'>64.</span> 
     </span>
     <span class='ocr_line' id='line_1_39' title="bbox 474 4410 2116 4527; baseline 0 -1"><span class='ocrx_word' id='word_1_298' title='bbox 474 4476 499 4505; x_wconf 56' lang='grc' dir='ltr'><strong>ο</strong></span> <span class='ocrx_word' id='word_1_299' title='bbox 534 4420 794 4527; x_wconf 55' lang='lat'>”0⁶:331</span> <span class='ocrx_word' id='word_1_300' title='bbox 823 4425 934 4525; x_wconf 54' lang='lat'>222.</span> <span class='ocrx_word' id='word_1_301' title='bbox 963 4474 1044 4524; x_wconf 73' lang='lat'>⁶1.</span> <span class='ocrx_word' id='word_1_302' title='bbox 1592 4474 1615 4505; x_wconf 67' lang='grc' dir='ltr'><strong>ο</strong></span> <span class='ocrx_word' id='word_1_303' title='bbox 1646 4414 1900 4526; x_wconf 57' lang='lat'>33‘0511555‘3</span> <span class='ocrx_word' id='word_1_304' title='bbox 1928 4410 2015 4526; x_wconf 63' lang='grc' dir='ltr'>ῗέ.</span> <span class='ocrx_word' id='word_1_305' title='bbox 2037 4411 2116 4472; x_wconf 81' lang='lat'>⁶⁴·</span> 
     </span>
    </p>
   </div>
   <div class='ocr_carea' id='block_1_13' title="bbox 475 4506 2685 4606">
    <p class='ocr_par' dir='ltr' id='par_1_14' title="bbox 475 4506 2685 4606">
     <span class='ocr_line' id='line_1_40' title="bbox 475 4506 2685 4606; baseline -0.001 -16"><span class='ocrx_word' id='word_1_306' title='bbox 475 4542 497 4570; x_wconf 78' lang='lat'>‘⁴&#39;</span> <span class='ocrx_word' id='word_1_307' title='bbox 532 4540 678 4603; x_wconf 81' lang='lat' dir='ltr'>[lviii.</span> <span class='ocrx_word' id='word_1_308' title='bbox 713 4542 883 4601; x_wconf 80' lang='lat'>1-11,]</span> <span class='ocrx_word' id='word_1_309' title='bbox 1205 4540 1227 4571; x_wconf 79' lang='lat'>⁸</span> <span class='ocrx_word' id='word_1_310' title='bbox 1259 4540 1383 4606; x_wconf 88' lang='lat' dir='ltr'>Cap.</span> <span class='ocrx_word' id='word_1_311' title='bbox 1415 4552 1459 4603; x_wconf 88' lang='lat'>7.</span> <span class='ocrx_word' id='word_1_312' title='bbox 1490 4543 1547 4590; x_wconf 80' lang='lat' dir='ltr'>in</span> <span class='ocrx_word' id='word_1_313' title='bbox 1572 4557 1636 4591; x_wconf 90' lang='lat' dir='ltr'>m.</span> <span class='ocrx_word' id='word_1_314' title='bbox 1670 4542 1774 4603; x_wconf 83' lang='lat' dir='ltr'>[vii.</span> <span class='ocrx_word' id='word_1_315' title='bbox 1809 4506 1975 4603; x_wconf 45' lang='lat'>1-165’]</span> <span class='ocrx_word' id='word_1_316' title='bbox 2312 4540 2334 4569; x_wconf 72' lang='lat'>⁹</span> <span class='ocrx_word' id='word_1_317' title='bbox 2366 4541 2475 4602; x_wconf 82' lang='lat' dir='ltr'>[See</span> <span class='ocrx_word' id='word_1_318' title='bbox 2498 4556 2547 4605; x_wconf 89' lang='lat' dir='ltr'>p.</span> <span class='ocrx_word' id='word_1_319' title='bbox 2578 4540 2685 4603; x_wconf 85' lang='lat'>45.]</span> 
     </span>
    </p>
   </div>
  </div>
 </body>
</html>
