<?xml version="1.0" encoding="UTF-8"?>
<!DOCTYPE html PUBLIC "-//W3C//DTD XHTML 1.0 Transitional//EN"
    "http://www.w3.org/TR/xhtml1/DTD/xhtml1-transitional.dtd">
<html xmlns="http://www.w3.org/1999/xhtml" xml:lang="en" lang="en">
 <head>
  <title>
</title>
<meta http-equiv="Content-Type" content="text/html;charset=utf-8" />
  <meta name='ocr-system' content='tesseract 3.04.00' />
  <meta name='ocr-capabilities' content='ocr_page ocr_carea ocr_par ocr_line ocrx_word'/>
</head>
<body>
  <div class='ocr_page' id='page_1' title='image "./secondrecension00legggoog_0390.png"; bbox 0 0 3293 5225; ppageno 0'>
   <div class='ocr_carea' id='block_1_1' title="bbox 609 439 3025 504">
    <p class='ocr_par' dir='ltr' id='par_1_1' title="bbox 609 439 3025 504">
     <span class='ocr_line' id='line_1_1' title="bbox 609 439 3025 504; baseline 0 -15"><span class='ocrx_word' id='word_1_1' title='bbox 609 439 705 504; x_wconf 83' lang='lat'>316</span> <span class='ocrx_word' id='word_1_2' title='bbox 1170 443 1358 492; x_wconf 78' lang='lat' dir='ltr'><em>OCTA</em></span> <span class='ocrx_word' id='word_1_3' title='bbox 1376 442 1465 491; x_wconf 68' lang='grc' dir='ltr'>ΡΑ</span> <span class='ocrx_word' id='word_1_4' title='bbox 1490 443 1544 491; x_wconf 88' lang='lat' dir='ltr'>S.</span> <span class='ocrx_word' id='word_1_5' title='bbox 1572 441 2041 492; x_wconf 81' lang='lat' dir='ltr'><em>LAURENTJJ:</em></span> <span class='ocrx_word' id='word_1_6' title='bbox 2073 442 2127 491; x_wconf 89' lang='lat' dir='ltr'>S.</span> <span class='ocrx_word' id='word_1_7' title='bbox 2162 442 2423 491; x_wconf 75' lang='lat' dir='ltr'><em>CLARA.</em></span> <span class='ocrx_word' id='word_1_8' title='bbox 2739 441 2910 503; x_wconf 77' lang='lat' dir='ltr'>[Auo.</span> <span class='ocrx_word' id='word_1_9' title='bbox 2944 453 3025 491; x_wconf 80' lang='lat'>12.</span> 
     </span>
    </p>
   </div>
   <div class='ocr_carea' id='block_1_2' title="bbox 609 594 3026 766">
    <p class='ocr_par' dir='ltr' id='par_1_2' title="bbox 609 594 3026 766">
     <span class='ocr_line' id='line_1_2' title="bbox 611 594 3026 676; baseline 0 -19"><span class='ocrx_word' id='word_1_10' title='bbox 611 615 801 658; x_wconf 90' lang='lat' dir='ltr'>versa</span> <span class='ocrx_word' id='word_1_11' title='bbox 861 606 929 660; x_wconf 92' lang='lat' dir='ltr'>et</span> <span class='ocrx_word' id='word_1_12' title='bbox 981 598 1332 672; x_wconf 89' lang='lat' dir='ltr'>manduca,</span> <span class='ocrx_word' id='word_1_13' title='bbox 1377 616 1531 658; x_wconf 90' lang='lat' dir='ltr'>nam</span> <span class='ocrx_word' id='word_1_14' title='bbox 1579 594 1931 659; x_wconf 80' lang='lat' dir='ltr'>facultates</span> <span class='ocrx_word' id='word_1_15' title='bbox 2004 595 2297 673; x_wconf 86' lang='lat' dir='ltr'><strong>ecclesie,</strong></span> <span class='ocrx_word' id='word_1_16' title='bbox 2357 614 2523 676; x_wconf 90' lang='lat' dir='ltr'>quas</span> <span class='ocrx_word' id='word_1_17' title='bbox 2598 595 2895 676; x_wconf 89' lang='lat' dir='ltr'>requiris,</span> <span class='ocrx_word' id='word_1_18' title='bbox 2957 595 3026 658; x_wconf 88' lang='lat' dir='ltr'>in</span> 
     </span>
     <span class='ocr_line' id='line_1_3' title="bbox 609 681 2499 766; baseline 0.001 -23"><span class='ocrx_word' id='word_1_19' title='bbox 609 681 886 746; x_wconf 88' lang='lat' dir='ltr'>celestes</span> <span class='ocrx_word' id='word_1_20' title='bbox 915 683 1260 746; x_wconf 82' lang='lat' dir='ltr'>thesauros</span> <span class='ocrx_word' id='word_1_21' title='bbox 1291 703 1530 746; x_wconf 92' lang='lat' dir='ltr'>manus</span> <span class='ocrx_word' id='word_1_22' title='bbox 1560 703 1928 765; x_wconf 90' lang='lat' dir='ltr'>pauperum</span> <span class='ocrx_word' id='word_1_23' title='bbox 1977 691 2499 766; x_wconf 80' lang='lat' dir='ltr'>reportauerunt.</span> 
     </span>
    </p>
   </div>
   <div class='ocr_carea' id='block_1_3' title="bbox 1026 817 2607 1015">
    <p class='ocr_par' dir='ltr' id='par_1_3' title="bbox 1026 817 2607 1015">
     <span class='ocr_line' id='line_1_4' title="bbox 1132 817 2529 902; baseline 0.001 -20"><span class='ocrx_word' id='word_1_24' title='bbox 1132 826 1199 895; x_wconf 73' lang='lat' dir='ltr'>(I</span> <span class='ocrx_word' id='word_1_25' title='bbox 1243 819 1375 882; x_wconf 78' lang='lat' dir='ltr'>Die</span> <span class='ocrx_word' id='word_1_26' title='bbox 1404 820 1507 884; x_wconf 66' lang='lat' dir='ltr'>xi.</span> <span class='ocrx_word' id='word_1_27' title='bbox 1540 820 1618 883; x_wconf 81' lang='lat' dir='ltr'>de</span> <span class='ocrx_word' id='word_1_28' title='bbox 1646 830 1874 883; x_wconf 84' lang='lat' dir='ltr'>octaua</span> <span class='ocrx_word' id='word_1_29' title='bbox 1902 820 2117 883; x_wconf 85' lang='lat' dir='ltr'>sancti</span> <span class='ocrx_word' id='word_1_30' title='bbox 2139 817 2529 902; x_wconf 61' lang='lat' dir='ltr'>Laurentis.l</span> 
     </span>
     <span class='ocr_line' id='line_1_5' title="bbox 1026 932 2607 1015; baseline -0.001 -18"><span class='ocrx_word' id='word_1_31' title='bbox 1026 932 1138 1014; x_wconf 59' lang='lat' dir='ltr'>‚iili</span> <span class='ocrx_word' id='word_1_32' title='bbox 1183 932 1397 995; x_wconf 83' lang='lat' dir='ltr'><em>Lectio</em></span> <span class='ocrx_word' id='word_1_33' title='bbox 1431 932 1662 996; x_wconf 83' lang='lat' dir='ltr'>Sermo</span> <span class='ocrx_word' id='word_1_34' title='bbox 1690 934 1905 996; x_wconf 83' lang='lat' dir='ltr'>sancti</span> <span class='ocrx_word' id='word_1_35' title='bbox 1930 933 1989 995; x_wconf 83' lang='lat' dir='ltr'><em>A</em></span> <span class='ocrx_word' id='word_1_36' title='bbox 2003 933 2304 1015; x_wconf 77' lang='lat' dir='ltr'>agustini</span> <span class='ocrx_word' id='word_1_37' title='bbox 2326 933 2607 1015; x_wconf 82' lang='lat' dir='ltr'>episcopi.</span> 
     </span>
    </p>
   </div>
   <div class='ocr_carea' id='block_1_4' title="bbox 615 1043 3038 3218">
    <p class='ocr_par' dir='ltr' id='par_1_4' title="bbox 615 1043 3038 3218">
     <span class='ocr_line' id='line_1_6' title="bbox 618 1043 3034 1176; baseline 0 -68"><span class='ocrx_word' id='word_1_38' title='bbox 618 1043 882 1176; x_wconf 80' lang='lat' dir='ltr'>CUm</span> <span class='ocrx_word' id='word_1_39' title='bbox 933 1065 1168 1107; x_wconf 89' lang='lat' dir='ltr'>omnes</span> <span class='ocrx_word' id='word_1_40' title='bbox 1215 1045 1449 1108; x_wconf 92' lang='lat' dir='ltr'>beatos</span> <span class='ocrx_word' id='word_1_41' title='bbox 1503 1055 1828 1127; x_wconf 81' lang='lat' dir='ltr'>martyres</span> <span class='ocrx_word' id='word_1_42' title='bbox 1875 1066 2044 1127; x_wconf 92' lang='lat' dir='ltr'>quos</span> <span class='ocrx_word' id='word_1_43' title='bbox 2096 1045 2288 1108; x_wconf 91' lang='lat' dir='ltr'>nobis</span> <span class='ocrx_word' id='word_1_44' title='bbox 2335 1044 2611 1108; x_wconf 82' lang='lat' dir='ltr'>tradidit</span> <span class='ocrx_word' id='word_1_45' title='bbox 2642 1045 3034 1126; x_wconf 85' lang='lat' dir='ltr'>antiquitas,</span> 
     </span>
     <span class='ocr_line' id='line_1_7' title="bbox 772 1131 3026 1215; baseline 0 -21"><span class='ocrx_word' id='word_1_46' title='bbox 772 1131 1279 1195; x_wconf 88' lang='lat' dir='ltr'>honorificentia</span> <span class='ocrx_word' id='word_1_47' title='bbox 1341 1133 1549 1214; x_wconf 88' lang='lat' dir='ltr'>digna</span> <span class='ocrx_word' id='word_1_48' title='bbox 1615 1153 2022 1205; x_wconf 90' lang='lat' dir='ltr'>veneremur,</span> <span class='ocrx_word' id='word_1_49' title='bbox 2086 1134 2398 1215; x_wconf 87' lang='lat' dir='ltr'>precipue</span> <span class='ocrx_word' id='word_1_50' title='bbox 2460 1143 2688 1195; x_wconf 92' lang='lat' dir='ltr'>tamen</span> <span class='ocrx_word' id='word_1_51' title='bbox 2751 1131 3026 1194; x_wconf 88' lang='lat' dir='ltr'>beatum</span> 
     </span>
     <span class='ocr_line' id='line_1_8' title="bbox 616 1219 3033 1301; baseline -0 -19"><span class='ocrx_word' id='word_1_52' title='bbox 616 1219 1054 1282; x_wconf 87' lang='lat' dir='ltr'>Laurentium</span> <span class='ocrx_word' id='word_1_53' title='bbox 1147 1229 1507 1301; x_wconf 88' lang='lat' dir='ltr'>martyrem</span> <span class='ocrx_word' id='word_1_54' title='bbox 1599 1220 1923 1283; x_wconf 87' lang='lat' dir='ltr'>debemus</span> <span class='ocrx_word' id='word_1_55' title='bbox 2010 1231 2153 1284; x_wconf 90' lang='lat' dir='ltr'>tota</span> <span class='ocrx_word' id='word_1_56' title='bbox 2242 1221 2601 1282; x_wconf 91' lang='lat' dir='ltr'>deuotione</span> <span class='ocrx_word' id='word_1_57' title='bbox 2676 1220 3033 1301; x_wconf 87' lang='lat' dir='ltr'>suscipere.</span> 
     </span>
     <span class='ocr_line' id='line_1_9' title="bbox 618 1305 3029 1371; baseline 0 -3"><span class='ocrx_word' id='word_1_58' title='bbox 618 1305 944 1368; x_wconf 88' lang='lat' dir='ltr'>Maiorem</span> <span class='ocrx_word' id='word_1_59' title='bbox 1005 1307 1182 1369; x_wconf 90' lang='lat' dir='ltr'>enim</span> <span class='ocrx_word' id='word_1_60' title='bbox 1245 1305 1556 1371; x_wconf 80' lang='lat' dir='ltr'>affectum</span> <span class='ocrx_word' id='word_1_61' title='bbox 1621 1308 1710 1370; x_wconf 91' lang='lat' dir='ltr'>ibi</span> <span class='ocrx_word' id='word_1_62' title='bbox 1772 1307 2026 1370; x_wconf 87' lang='lat' dir='ltr'>debeo:</span> <span class='ocrx_word' id='word_1_63' title='bbox 2099 1306 2211 1369; x_wconf 90' lang='lat' dir='ltr'>vbi</span> <span class='ocrx_word' id='word_1_64' title='bbox 2271 1306 2732 1369; x_wconf 89' lang='lat' dir='ltr'>credulitatem</span> <span class='ocrx_word' id='word_1_65' title='bbox 2802 1325 3029 1369; x_wconf 89' lang='lat' dir='ltr'>meam</span> 
     </span>
     <span class='ocr_line' id='line_1_10' title="bbox 615 1393 3027 1476; baseline -0 -20"><span class='ocrx_word' id='word_1_66' title='bbox 615 1394 796 1475; x_wconf 87' lang='lat' dir='ltr'>cogit</span> <span class='ocrx_word' id='word_1_67' title='bbox 856 1393 1337 1476; x_wconf 87' lang='lat' dir='ltr'>contemplatio</span> <span class='ocrx_word' id='word_1_68' title='bbox 1397 1414 1601 1476; x_wconf 89' lang='lat' dir='ltr'>quam</span> <span class='ocrx_word' id='word_1_69' title='bbox 1663 1394 1773 1457; x_wconf 89' lang='lat' dir='ltr'>vbi</span> <span class='ocrx_word' id='word_1_70' title='bbox 1843 1393 2045 1457; x_wconf 86' lang='lat' dir='ltr'>fidem</span> <span class='ocrx_word' id='word_1_71' title='bbox 2121 1412 2339 1456; x_wconf 90' lang='lat' dir='ltr'>meam</span> <span class='ocrx_word' id='word_1_72' title='bbox 2417 1396 2722 1456; x_wconf 88' lang='lat' dir='ltr'>hortatur</span> <span class='ocrx_word' id='word_1_73' title='bbox 2780 1393 3027 1476; x_wconf 81' lang='lat' dir='ltr'>opinio,</span> 
     </span>
     <span class='ocr_line' id='line_1_11' title="bbox 619 1479 3032 1563; baseline 0 -21"><span class='ocrx_word' id='word_1_74' title='bbox 619 1480 944 1543; x_wconf 85' lang='lat' dir='ltr'>Maiorem</span> <span class='ocrx_word' id='word_1_75' title='bbox 993 1482 1268 1562; x_wconf 90' lang='lat' dir='ltr'>inquam</span> <span class='ocrx_word' id='word_1_76' title='bbox 1331 1480 1643 1544; x_wconf 84' lang='lat' dir='ltr'>affectum</span> <span class='ocrx_word' id='word_1_77' title='bbox 1708 1481 1839 1544; x_wconf 92' lang='lat' dir='ltr'>illic</span> <span class='ocrx_word' id='word_1_78' title='bbox 1899 1482 2132 1558; x_wconf 91' lang='lat' dir='ltr'>debe0,</span> <span class='ocrx_word' id='word_1_79' title='bbox 2191 1481 2301 1544; x_wconf 89' lang='lat' dir='ltr'>vbi</span> <span class='ocrx_word' id='word_1_80' title='bbox 2364 1502 2482 1563; x_wconf 90' lang='lat' dir='ltr'>per</span> <span class='ocrx_word' id='word_1_81' title='bbox 2541 1500 2621 1543; x_wconf 91' lang='lat' dir='ltr'>ea</span> <span class='ocrx_word' id='word_1_82' title='bbox 2680 1500 2811 1561; x_wconf 92' lang='lat' dir='ltr'>que</span> <span class='ocrx_word' id='word_1_83' title='bbox 2872 1479 3032 1556; x_wconf 84' lang='lat' dir='ltr'>vidi,</span> 
     </span>
     <span class='ocr_line' id='line_1_12' title="bbox 615 1566 3033 1650; baseline 0 -22"><span class='ocrx_word' id='word_1_84' title='bbox 615 1566 979 1650; x_wconf 91' lang='lat' dir='ltr'>compellor</span> <span class='ocrx_word' id='word_1_85' title='bbox 1025 1567 1384 1630; x_wconf 88' lang='lat' dir='ltr'>deuotione</span> <span class='ocrx_word' id='word_1_86' title='bbox 1431 1567 1699 1631; x_wconf 89' lang='lat' dir='ltr'>credere</span> <span class='ocrx_word' id='word_1_87' title='bbox 1746 1569 1949 1631; x_wconf 90' lang='lat' dir='ltr'>etiam</span> <span class='ocrx_word' id='word_1_88' title='bbox 2006 1568 2116 1630; x_wconf 88' lang='lat' dir='ltr'>illa</span> <span class='ocrx_word' id='word_1_89' title='bbox 2162 1587 2292 1649; x_wconf 92' lang='lat' dir='ltr'>que</span> <span class='ocrx_word' id='word_1_90' title='bbox 2339 1587 2471 1631; x_wconf 92' lang='lat' dir='ltr'>non</span> <span class='ocrx_word' id='word_1_91' title='bbox 2504 1568 2656 1631; x_wconf 87' lang='lat' dir='ltr'>vidi.</span> <span class='ocrx_word' id='word_1_92' title='bbox 2752 1567 2930 1629; x_wconf 91' lang='lat' dir='ltr'>Nam</span> <span class='ocrx_word' id='word_1_93' title='bbox 2963 1577 3033 1629; x_wconf 88' lang='lat' dir='ltr'>et</span> 
     </span>
     <span class='ocr_line' id='line_1_13' title="bbox 616 1653 3030 1738; baseline 0 -23"><span class='ocrx_word' id='word_1_94' title='bbox 616 1673 767 1716; x_wconf 90' lang='lat' dir='ltr'>cum</span> <span class='ocrx_word' id='word_1_95' title='bbox 819 1654 1022 1717; x_wconf 88' lang='lat' dir='ltr'>audio</span> <span class='ocrx_word' id='word_1_96' title='bbox 1070 1653 1415 1735; x_wconf 91' lang='lat' dir='ltr'>aliquanta</span> <span class='ocrx_word' id='word_1_97' title='bbox 1462 1674 1592 1736; x_wconf 92' lang='lat' dir='ltr'>que</span> <span class='ocrx_word' id='word_1_98' title='bbox 1641 1655 1805 1718; x_wconf 91' lang='lat' dir='ltr'>mihi</span> <span class='ocrx_word' id='word_1_99' title='bbox 1860 1654 2293 1738; x_wconf 89' lang='lat' dir='ltr'>impossibilia</span> <span class='ocrx_word' id='word_1_100' title='bbox 2342 1656 2691 1718; x_wconf 89' lang='lat' dir='ltr'>videntur:</span> <span class='ocrx_word' id='word_1_101' title='bbox 2752 1655 2899 1735; x_wconf 92' lang='lat' dir='ltr'>cepi</span> <span class='ocrx_word' id='word_1_102' title='bbox 2950 1673 3030 1716; x_wconf 87' lang='lat' dir='ltr'>ea</span> 
     </span>
     <span class='ocr_line' id='line_1_14' title="bbox 618 1740 3033 1824; baseline 0 -22"><span class='ocrx_word' id='word_1_103' title='bbox 618 1740 904 1816; x_wconf 86' lang='lat' dir='ltr'>credere,</span> <span class='ocrx_word' id='word_1_104' title='bbox 935 1743 1229 1823; x_wconf 84' lang='lat' dir='ltr'>potuisse</span> <span class='ocrx_word' id='word_1_105' title='bbox 1260 1741 1397 1804; x_wconf 89' lang='lat' dir='ltr'>fieri</span> <span class='ocrx_word' id='word_1_106' title='bbox 1428 1743 1590 1804; x_wconf 90' lang='lat' dir='ltr'>dum</span> <span class='ocrx_word' id='word_1_107' title='bbox 1623 1743 1864 1806; x_wconf 87' lang='lat' dir='ltr'>similia</span> <span class='ocrx_word' id='word_1_108' title='bbox 1897 1743 2073 1805; x_wconf 85' lang='lat' dir='ltr'>facta</span> <span class='ocrx_word' id='word_1_109' title='bbox 2116 1762 2260 1805; x_wconf 91' lang='lat' dir='ltr'>esse</span> <span class='ocrx_word' id='word_1_110' title='bbox 2305 1743 2647 1824; x_wconf 84' lang='lat' dir='ltr'>conspexi.</span> <span class='ocrx_word' id='word_1_111' title='bbox 2739 1740 2831 1803; x_wconf 90' lang='lat' dir='ltr'>Et</span> <span class='ocrx_word' id='word_1_112' title='bbox 2879 1741 3033 1802; x_wconf 92' lang='lat' dir='ltr'>ideo</span> 
     </span>
     <span class='ocr_line' id='line_1_15' title="bbox 619 1828 3031 1912; baseline 0 -23"><span class='ocrx_word' id='word_1_113' title='bbox 619 1828 1030 1909; x_wconf 86' lang='lat' dir='ltr'>temporibus</span> <span class='ocrx_word' id='word_1_114' title='bbox 1089 1830 1331 1891; x_wconf 89' lang='lat' dir='ltr'>nostris</span> <span class='ocrx_word' id='word_1_115' title='bbox 1390 1830 1567 1910; x_wconf 91' lang='lat' dir='ltr'>passi</span> <span class='ocrx_word' id='word_1_116' title='bbox 1628 1830 1801 1892; x_wconf 88' lang='lat' dir='ltr'>hanc</span> <span class='ocrx_word' id='word_1_117' title='bbox 1862 1830 2055 1893; x_wconf 91' lang='lat' dir='ltr'>nobis</span> <span class='ocrx_word' id='word_1_118' title='bbox 2114 1831 2544 1910; x_wconf 88' lang='lat' dir='ltr'>prestiterunt</span> <span class='ocrx_word' id='word_1_119' title='bbox 2603 1830 2911 1912; x_wconf 86' lang='lat' dir='ltr'>gratiam,</span> <span class='ocrx_word' id='word_1_120' title='bbox 2959 1837 3031 1889; x_wconf 88' lang='lat' dir='ltr'>vt</span> 
     </span>
     <span class='ocr_line' id='line_1_16' title="bbox 620 1912 3027 1999; baseline 0 -23"><span class='ocrx_word' id='word_1_121' title='bbox 620 1912 820 1976; x_wconf 88' lang='lat' dir='ltr'>fidem</span> <span class='ocrx_word' id='word_1_122' title='bbox 876 1916 1257 1996; x_wconf 90' lang='lat' dir='ltr'>preteritam</span> <span class='ocrx_word' id='word_1_123' title='bbox 1326 1917 1813 1980; x_wconf 86' lang='lat' dir='ltr'>confirmarent.</span> <span class='ocrx_word' id='word_1_124' title='bbox 1928 1916 2401 1996; x_wconf 89' lang='lat' dir='ltr'>Supradictum</span> <span class='ocrx_word' id='word_1_125' title='bbox 2479 1918 2680 1999; x_wconf 89' lang='lat' dir='ltr'>igitur</span> <span class='ocrx_word' id='word_1_126' title='bbox 2754 1917 3027 1977; x_wconf 90' lang='lat' dir='ltr'>beatum</span> 
     </span>
     <span class='ocr_line' id='line_1_17' title="bbox 618 2001 3030 2085; baseline 0 -22"><span class='ocrx_word' id='word_1_127' title='bbox 618 2003 832 2064; x_wconf 88' lang='lat' dir='ltr'>virum</span> <span class='ocrx_word' id='word_1_128' title='bbox 911 2010 1054 2064; x_wconf 90' lang='lat' dir='ltr'>tota</span> <span class='ocrx_word' id='word_1_129' title='bbox 1142 2001 1464 2065; x_wconf 91' lang='lat' dir='ltr'>debemus</span> <span class='ocrx_word' id='word_1_130' title='bbox 1551 2004 1912 2066; x_wconf 90' lang='lat' dir='ltr'>deuotione</span> <span class='ocrx_word' id='word_1_131' title='bbox 2001 2005 2349 2085; x_wconf 86' lang='lat' dir='ltr'>suscipere.</span> <span class='ocrx_word' id='word_1_132' title='bbox 2484 2004 2781 2065; x_wconf 87' lang='lat' dir='ltr'>Primum</span> <span class='ocrx_word' id='word_1_133' title='bbox 2872 2003 3030 2083; x_wconf 88' lang='lat' dir='ltr'>quia</span> 
     </span>
     <span class='ocr_line' id='line_1_18' title="bbox 618 2088 3032 2173; baseline 0 -24"><span class='ocrx_word' id='word_1_134' title='bbox 618 2089 989 2171; x_wconf 89' lang='lat' dir='ltr'>preciosum</span> <span class='ocrx_word' id='word_1_135' title='bbox 1039 2091 1432 2172; x_wconf 89' lang='lat' dir='ltr'>sanguinem</span> <span class='ocrx_word' id='word_1_136' title='bbox 1487 2111 1680 2154; x_wconf 91' lang='lat' dir='ltr'>suum</span> <span class='ocrx_word' id='word_1_137' title='bbox 1731 2100 2004 2173; x_wconf 90' lang='lat' dir='ltr'>propter</span> <span class='ocrx_word' id='word_1_138' title='bbox 2049 2092 2397 2153; x_wconf 90' lang='lat' dir='ltr'>dominum</span> <span class='ocrx_word' id='word_1_139' title='bbox 2450 2090 2742 2164; x_wconf 86' lang='lat' dir='ltr'>tradidit,</span> <span class='ocrx_word' id='word_1_140' title='bbox 2785 2088 3032 2152; x_wconf 88' lang='lat' dir='ltr'>deinde</span> 
     </span>
     <span class='ocr_line' id='line_1_19' title="bbox 621 2175 3028 2261; baseline 0 -24"><span class='ocrx_word' id='word_1_141' title='bbox 621 2175 800 2256; x_wconf 92' lang='lat' dir='ltr'>quod</span> <span class='ocrx_word' id='word_1_142' title='bbox 849 2179 1338 2258; x_wconf 88' lang='lat' dir='ltr'>prerogatiuam</span> <span class='ocrx_word' id='word_1_143' title='bbox 1374 2178 1566 2240; x_wconf 91' lang='lat' dir='ltr'>nobis</span> <span class='ocrx_word' id='word_1_144' title='bbox 1597 2178 1776 2261; x_wconf 91' lang='lat' dir='ltr'>apud</span> <span class='ocrx_word' id='word_1_145' title='bbox 1811 2177 2156 2240; x_wconf 90' lang='lat' dir='ltr'>dominum</span> <span class='ocrx_word' id='word_1_146' title='bbox 2191 2188 2489 2240; x_wconf 89' lang='lat' dir='ltr'>nostrum</span> <span class='ocrx_word' id='word_1_147' title='bbox 2513 2197 2646 2239; x_wconf 91' lang='lat' dir='ltr'>non</span> <span class='ocrx_word' id='word_1_148' title='bbox 2682 2177 3028 2238; x_wconf 88' lang='lat' dir='ltr'>minimam</span> 
     </span>
     <span class='ocr_line' id='line_1_20' title="bbox 621 2262 3032 2345; baseline 0 -21"><span class='ocrx_word' id='word_1_149' title='bbox 621 2264 922 2340; x_wconf 87' lang='lat' dir='ltr'>contulit,</span> <span class='ocrx_word' id='word_1_150' title='bbox 969 2264 1327 2326; x_wconf 89' lang='lat' dir='ltr'>ostendens</span> <span class='ocrx_word' id='word_1_151' title='bbox 1379 2265 1593 2345; x_wconf 87' lang='lat' dir='ltr'>qualis</span> <span class='ocrx_word' id='word_1_152' title='bbox 1640 2265 1886 2328; x_wconf 87' lang='lat' dir='ltr'>debeat</span> <span class='ocrx_word' id='word_1_153' title='bbox 1936 2285 2081 2327; x_wconf 90' lang='lat' dir='ltr'>esse</span> <span class='ocrx_word' id='word_1_154' title='bbox 2128 2264 2463 2328; x_wconf 87' lang='lat' dir='ltr'>christiani</span> <span class='ocrx_word' id='word_1_155' title='bbox 2515 2264 2695 2335; x_wconf 85' lang='lat' dir='ltr'>fides,</span> <span class='ocrx_word' id='word_1_156' title='bbox 2727 2262 2814 2325; x_wconf 90' lang='lat' dir='ltr'>de</span> <span class='ocrx_word' id='word_1_157' title='bbox 2845 2264 3032 2325; x_wconf 91' lang='lat' dir='ltr'>cuius</span> 
     </span>
     <span class='ocr_line' id='line_1_21' title="bbox 622 2350 3029 2433; baseline 0 -22"><span class='ocrx_word' id='word_1_158' title='bbox 622 2353 954 2413; x_wconf 88' lang='lat' dir='ltr'>consortio</span> <span class='ocrx_word' id='word_1_159' title='bbox 1000 2352 1284 2414; x_wconf 85' lang='lat' dir='ltr'>existere</span> <span class='ocrx_word' id='word_1_160' title='bbox 1336 2366 1660 2433; x_wconf 86' lang='lat' dir='ltr'>martyres</span> <span class='ocrx_word' id='word_1_161' title='bbox 1711 2362 2060 2415; x_wconf 88' lang='lat' dir='ltr'>merentur.</span> <span class='ocrx_word' id='word_1_162' title='bbox 2149 2351 2380 2414; x_wconf 92' lang='lat' dir='ltr'>Tertio</span> <span class='ocrx_word' id='word_1_163' title='bbox 2431 2350 2613 2432; x_wconf 91' lang='lat' dir='ltr'>quod</span> <span class='ocrx_word' id='word_1_164' title='bbox 2664 2350 2842 2413; x_wconf 91' lang='lat' dir='ltr'>idem</span> <span class='ocrx_word' id='word_1_165' title='bbox 2890 2361 3029 2412; x_wconf 87' lang='lat' dir='ltr'>tam</span> 
     </span>
     <span class='ocr_line' id='line_1_22' title="bbox 624 2437 3034 2519; baseline -0 -21"><span class='ocrx_word' id='word_1_166' title='bbox 624 2447 854 2499; x_wconf 90' lang='lat' dir='ltr'>sancte</span> <span class='ocrx_word' id='word_1_167' title='bbox 902 2440 1424 2501; x_wconf 84' lang='lat' dir='ltr'>conuersationis</span> <span class='ocrx_word' id='word_1_168' title='bbox 1471 2438 1666 2501; x_wconf 80' lang='lat' dir='ltr'>fuerit</span> <span class='ocrx_word' id='word_1_169' title='bbox 1718 2449 1786 2501; x_wconf 92' lang='lat' dir='ltr'>vt</span> <span class='ocrx_word' id='word_1_170' title='bbox 1831 2458 2146 2501; x_wconf 89' lang='lat' dir='ltr'>coronam</span> <span class='ocrx_word' id='word_1_171' title='bbox 2180 2439 2476 2519; x_wconf 89' lang='lat' dir='ltr'>martyrij</span> <span class='ocrx_word' id='word_1_172' title='bbox 2513 2448 2816 2517; x_wconf 89' lang='lat' dir='ltr'>tempore</span> <span class='ocrx_word' id='word_1_173' title='bbox 2849 2437 3034 2519; x_wconf 89' lang='lat' dir='ltr'>pacis</span> 
     </span>
     <span class='ocr_line' id='line_1_23' title="bbox 626 2525 3029 2589; baseline 0 -4"><span class='ocrx_word' id='word_1_174' title='bbox 626 2525 970 2588; x_wconf 89' lang='lat' dir='ltr'>inuenerit.</span> <span class='ocrx_word' id='word_1_175' title='bbox 1105 2526 1241 2589; x_wconf 87' lang='lat' dir='ltr'>Sed</span> <span class='ocrx_word' id='word_1_176' title='bbox 1353 2545 1503 2588; x_wconf 92' lang='lat' dir='ltr'>cum</span> <span class='ocrx_word' id='word_1_177' title='bbox 1617 2525 1918 2588; x_wconf 88' lang='lat' dir='ltr'>infideles</span> <span class='ocrx_word' id='word_1_178' title='bbox 2028 2536 2219 2588; x_wconf 90' lang='lat' dir='ltr'>tanta</span> <span class='ocrx_word' id='word_1_179' title='bbox 2314 2526 2670 2588; x_wconf 86' lang='lat' dir='ltr'>sanctitate</span> <span class='ocrx_word' id='word_1_180' title='bbox 2760 2526 3029 2586; x_wconf 86' lang='lat' dir='ltr'>beatum</span> 
     </span>
     <span class='ocr_line' id='line_1_24' title="bbox 628 2610 3032 2694; baseline 0 -21"><span class='ocrx_word' id='word_1_181' title='bbox 628 2610 1061 2675; x_wconf 88' lang='lat' dir='ltr'>Laurentium</span> <span class='ocrx_word' id='word_1_182' title='bbox 1124 2633 1246 2694; x_wconf 94' lang='lat' dir='ltr'>pro</span> <span class='ocrx_word' id='word_1_183' title='bbox 1306 2611 1552 2677; x_wconf 87' lang='lat' dir='ltr'>Christi</span> <span class='ocrx_word' id='word_1_184' title='bbox 1614 2615 1884 2676; x_wconf 90' lang='lat' dir='ltr'>nomine</span> <span class='ocrx_word' id='word_1_185' title='bbox 1942 2612 2261 2676; x_wconf 88' lang='lat' dir='ltr'>vidissent</span> <span class='ocrx_word' id='word_1_186' title='bbox 2321 2627 2592 2689; x_wconf 79' lang='lat' dir='ltr'>certare,</span> <span class='ocrx_word' id='word_1_187' title='bbox 2651 2631 3032 2691; x_wconf 90' lang='lat' dir='ltr'>erroresque</span> 
     </span>
     <span class='ocr_line' id='line_1_25' title="bbox 624 2698 3035 2783; baseline -0.001 -22"><span class='ocrx_word' id='word_1_188' title='bbox 624 2719 853 2762; x_wconf 90' lang='lat' dir='ltr'>eorum</span> <span class='ocrx_word' id='word_1_189' title='bbox 906 2700 1293 2762; x_wconf 86' lang='lat' dir='ltr'>manifestos</span> <span class='ocrx_word' id='word_1_190' title='bbox 1343 2700 1718 2763; x_wconf 90' lang='lat' dir='ltr'>rationabili</span> <span class='ocrx_word' id='word_1_191' title='bbox 1769 2701 2206 2783; x_wconf 79' lang='lat' dir='ltr'>castigatione</span> <span class='ocrx_word' id='word_1_192' title='bbox 2259 2702 2689 2763; x_wconf 89' lang='lat' dir='ltr'>conuincere:</span> <span class='ocrx_word' id='word_1_193' title='bbox 2734 2710 2896 2761; x_wconf 88' lang='lat' dir='ltr'>tunc</span> <span class='ocrx_word' id='word_1_194' title='bbox 2943 2698 3035 2760; x_wconf 89' lang='lat' dir='ltr'>illi</span> 
     </span>
     <span class='ocr_line' id='line_1_26' title="bbox 627 2786 3036 2870; baseline 0 -23"><span class='ocrx_word' id='word_1_195' title='bbox 627 2786 931 2849; x_wconf 90' lang='lat' dir='ltr'>inebriati</span> <span class='ocrx_word' id='word_1_196' title='bbox 964 2786 1180 2850; x_wconf 82' lang='lat' dir='ltr'>surore</span> <span class='ocrx_word' id='word_1_197' title='bbox 1210 2797 1569 2870; x_wconf 89' lang='lat' dir='ltr'>rapuerunt</span> <span class='ocrx_word' id='word_1_198' title='bbox 1597 2807 1772 2864; x_wconf 91' lang='lat' dir='ltr'>eum,</span> <span class='ocrx_word' id='word_1_199' title='bbox 1795 2799 1864 2851; x_wconf 89' lang='lat' dir='ltr'>et</span> <span class='ocrx_word' id='word_1_200' title='bbox 1894 2788 2056 2850; x_wconf 91' lang='lat' dir='ltr'>cede</span> <span class='ocrx_word' id='word_1_201' title='bbox 2086 2788 2540 2849; x_wconf 90' lang='lat' dir='ltr'>crudelissima</span> <span class='ocrx_word' id='word_1_202' title='bbox 2572 2787 3036 2849; x_wconf 88' lang='lat' dir='ltr'>sauciauerunt</span> 
     </span>
     <span class='ocr_line' id='line_1_27' title="bbox 625 2872 3037 2956; baseline -0.001 -20"><span class='ocrx_word' id='word_1_203' title='bbox 625 2885 692 2936; x_wconf 90' lang='lat' dir='ltr'>et</span> <span class='ocrx_word' id='word_1_204' title='bbox 752 2873 929 2937; x_wconf 89' lang='lat' dir='ltr'>beati</span> <span class='ocrx_word' id='word_1_205' title='bbox 991 2875 1109 2936; x_wconf 90' lang='lat' dir='ltr'>viri</span> <span class='ocrx_word' id='word_1_206' title='bbox 1171 2894 1409 2956; x_wconf 90' lang='lat' dir='ltr'>corpus</span> <span class='ocrx_word' id='word_1_207' title='bbox 1469 2874 1758 2937; x_wconf 89' lang='lat' dir='ltr'>flammis</span> <span class='ocrx_word' id='word_1_208' title='bbox 1816 2876 1881 2936; x_wconf 92' lang='lat' dir='ltr'>in</span> <span class='ocrx_word' id='word_1_209' title='bbox 1945 2874 2260 2938; x_wconf 88' lang='lat' dir='ltr'>craticula</span> <span class='ocrx_word' id='word_1_210' title='bbox 2334 2876 2770 2937; x_wconf 88' lang='lat' dir='ltr'>tradiderunt.</span> <span class='ocrx_word' id='word_1_211' title='bbox 2860 2872 3037 2935; x_wconf 90' lang='lat' dir='ltr'>Vere</span> 
     </span>
     <span class='ocr_line' id='line_1_28' title="bbox 624 2959 3038 3043; baseline 0 -21"><span class='ocrx_word' id='word_1_212' title='bbox 624 2959 896 3023; x_wconf 88' lang='lat' dir='ltr'>beatum</span> <span class='ocrx_word' id='word_1_213' title='bbox 944 2981 1183 3043; x_wconf 92' lang='lat' dir='ltr'>corpus</span> <span class='ocrx_word' id='word_1_214' title='bbox 1228 2962 1410 3042; x_wconf 86' lang='lat' dir='ltr'>quod</span> <span class='ocrx_word' id='word_1_215' title='bbox 1442 2980 1574 3024; x_wconf 90' lang='lat' dir='ltr'>non</span> <span class='ocrx_word' id='word_1_216' title='bbox 1607 2964 1690 3024; x_wconf 94' lang='lat' dir='ltr'>ad</span> <span class='ocrx_word' id='word_1_217' title='bbox 1728 2981 1968 3043; x_wconf 89' lang='lat' dir='ltr'>penam</span> <span class='ocrx_word' id='word_1_218' title='bbox 2013 2961 2313 3024; x_wconf 86' lang='lat' dir='ltr'>funestus</span> <span class='ocrx_word' id='word_1_219' title='bbox 2344 2961 2533 3043; x_wconf 87' lang='lat' dir='ltr'>ignis,</span> <span class='ocrx_word' id='word_1_220' title='bbox 2563 2961 2667 3023; x_wconf 92' lang='lat' dir='ltr'>vel</span> <span class='ocrx_word' id='word_1_221' title='bbox 2702 2969 3038 3023; x_wconf 85' lang='lat' dir='ltr'>tormenta</span> 
     </span>
     <span class='ocr_line' id='line_1_29' title="bbox 628 3048 3035 3129; baseline 0 -21"><span class='ocrx_word' id='word_1_222' title='bbox 628 3048 858 3109; x_wconf 91' lang='lat' dir='ltr'>mortis</span> <span class='ocrx_word' id='word_1_223' title='bbox 918 3069 958 3110; x_wconf 92' lang='lat' dir='ltr'>a</span> <span class='ocrx_word' id='word_1_224' title='bbox 1019 3048 1149 3111; x_wconf 91' lang='lat' dir='ltr'>fide</span> <span class='ocrx_word' id='word_1_225' title='bbox 1212 3048 1456 3112; x_wconf 90' lang='lat' dir='ltr'>Christi</span> <span class='ocrx_word' id='word_1_226' title='bbox 1517 3050 2043 3112; x_wconf 90' lang='lat' dir='ltr'>immutauerunt</span> <span class='ocrx_word' id='word_1_227' title='bbox 2087 3052 2204 3111; x_wconf 91' lang='lat' dir='ltr'>sed</span> <span class='ocrx_word' id='word_1_228' title='bbox 2252 3049 2336 3110; x_wconf 91' lang='lat' dir='ltr'>ad</span> <span class='ocrx_word' id='word_1_229' title='bbox 2385 3049 2680 3129; x_wconf 90' lang='lat' dir='ltr'>requiem</span> <span class='ocrx_word' id='word_1_230' title='bbox 2734 3060 3035 3110; x_wconf 88' lang='lat' dir='ltr'>eternam</span> 
     </span>
     <span class='ocr_line' id='line_1_30' title="bbox 626 3135 1515 3218; baseline 0.002 -22"><span class='ocrx_word' id='word_1_231' title='bbox 626 3144 858 3197; x_wconf 90' lang='lat' dir='ltr'>sancta</span> <span class='ocrx_word' id='word_1_232' title='bbox 891 3135 1122 3218; x_wconf 85' lang='lat' dir='ltr'>religio</span> <span class='ocrx_word' id='word_1_233' title='bbox 1153 3136 1515 3199; x_wconf 87' lang='lat' dir='ltr'>coronauit.</span> 
     </span>
    </p>
   </div>
   <div class='ocr_carea' id='block_1_5' title="bbox 1288 3294 2370 3379">
    <p class='ocr_par' dir='ltr' id='par_1_5' title="bbox 1288 3294 2370 3379">
     <span class='ocr_line' id='line_1_31' title="bbox 1288 3294 2370 3379; baseline -0.002 -16"><span class='ocrx_word' id='word_1_234' title='bbox 1288 3303 1355 3372; x_wconf 75' lang='lat' dir='ltr'>(I</span> <span class='ocrx_word' id='word_1_235' title='bbox 1407 3296 1606 3363; x_wconf 86' lang='lat' dir='ltr'>Clara</span> <span class='ocrx_word' id='word_1_236' title='bbox 1635 3297 1821 3379; x_wconf 80' lang='lat' dir='ltr'>virgo</span> <span class='ocrx_word' id='word_1_237' title='bbox 1851 3298 2084 3376; x_wconf 75' lang='lat' dir='ltr'>duplex</span> <span class='ocrx_word' id='word_1_238' title='bbox 2109 3294 2370 3361; x_wconf 62' lang='lat' dir='ltr'>minus?</span> 
     </span>
    </p>
   </div>
   <div class='ocr_carea' id='block_1_6' title="bbox 629 3407 3044 4362">
    <p class='ocr_par' dir='ltr' id='par_1_6' title="bbox 629 3407 3044 4362">
     <span class='ocr_line' id='line_1_32' title="bbox 633 3407 3039 3540; baseline -0 -68"><span class='ocrx_word' id='word_1_239' title='bbox 633 3407 934 3540; x_wconf 77' lang='lat' dir='ltr'>CLara</span> <span class='ocrx_word' id='word_1_240' title='bbox 1008 3410 1196 3492; x_wconf 89' lang='lat' dir='ltr'>virgo</span> <span class='ocrx_word' id='word_1_241' title='bbox 1265 3410 1684 3472; x_wconf 88' lang='lat' dir='ltr'>sanctissima</span> <span class='ocrx_word' id='word_1_242' title='bbox 1761 3408 1967 3471; x_wconf 91' lang='lat' dir='ltr'>nobili</span> <span class='ocrx_word' id='word_1_243' title='bbox 2044 3408 2216 3471; x_wconf 79' lang='lat' dir='ltr'>loca³</span> <span class='ocrx_word' id='word_1_244' title='bbox 2287 3419 2450 3472; x_wconf 86' lang='lat' dir='ltr'>nata</span> <span class='ocrx_word' id='word_1_245' title='bbox 2510 3409 2748 3490; x_wconf 88' lang='lat' dir='ltr'>Assisij</span> <span class='ocrx_word' id='word_1_246' title='bbox 2827 3409 3039 3490; x_wconf 92' lang='lat' dir='ltr'>(quod</span> 
     </span>
     <span class='ocr_line' id='line_1_33' title="bbox 785 3496 3041 3579; baseline -0 -21"><span class='ocrx_word' id='word_1_247' title='bbox 785 3496 1107 3578; x_wconf 90' lang='lat' dir='ltr'>oppidum</span> <span class='ocrx_word' id='word_1_248' title='bbox 1170 3505 1271 3559; x_wconf 89' lang='lat' dir='ltr'>est</span> <span class='ocrx_word' id='word_1_249' title='bbox 1332 3498 1397 3558; x_wconf 92' lang='lat' dir='ltr'>in</span> <span class='ocrx_word' id='word_1_250' title='bbox 1461 3497 1772 3577; x_wconf 88' lang='lat' dir='ltr'>Vmbria)</span> <span class='ocrx_word' id='word_1_251' title='bbox 1834 3496 2156 3573; x_wconf 88' lang='lat' dir='ltr'>instituta,</span> <span class='ocrx_word' id='word_1_252' title='bbox 2231 3497 2787 3579; x_wconf 84' lang='lat' dir='ltr'>disciplinamque</span> <span class='ocrx_word' id='word_1_253' title='bbox 2865 3496 3041 3559; x_wconf 88' lang='lat' dir='ltr'>beati</span> 
     </span>
     <span class='ocr_line' id='line_1_34' title="bbox 630 3581 3039 3665; baseline 0 -20"><span class='ocrx_word' id='word_1_254' title='bbox 630 3583 960 3646; x_wconf 88' lang='lat' dir='ltr'>Francisci</span> <span class='ocrx_word' id='word_1_255' title='bbox 1017 3585 1115 3645; x_wconf 90' lang='lat' dir='ltr'>sui</span> <span class='ocrx_word' id='word_1_256' title='bbox 1164 3585 1326 3646; x_wconf 90' lang='lat' dir='ltr'>ciuis</span> <span class='ocrx_word' id='word_1_257' title='bbox 1386 3593 1631 3659; x_wconf 90' lang='lat' dir='ltr'>secuta,</span> <span class='ocrx_word' id='word_1_258' title='bbox 1679 3585 1922 3645; x_wconf 87' lang='lat' dir='ltr'>relictis</span> <span class='ocrx_word' id='word_1_259' title='bbox 1982 3586 2339 3646; x_wconf 89' lang='lat' dir='ltr'>mundanis</span> <span class='ocrx_word' id='word_1_260' title='bbox 2398 3584 2637 3665; x_wconf 88' lang='lat' dir='ltr'>opibus</span> <span class='ocrx_word' id='word_1_261' title='bbox 2682 3581 3039 3663; x_wconf 89' lang='lat' dir='ltr'>collegium</span> 
     </span>
     <span class='ocr_line' id='line_1_35' title="bbox 629 3669 3041 3753; baseline -0.001 -21"><span class='ocrx_word' id='word_1_262' title='bbox 629 3671 912 3733; x_wconf 85' lang='lat' dir='ltr'>instituit</span> <span class='ocrx_word' id='word_1_263' title='bbox 1002 3691 1368 3753; x_wconf 90' lang='lat' dir='ltr'>pauperum</span> <span class='ocrx_word' id='word_1_264' title='bbox 1431 3680 1499 3733; x_wconf 92' lang='lat' dir='ltr'>et</span> <span class='ocrx_word' id='word_1_265' title='bbox 1559 3671 2013 3751; x_wconf 81' lang='lat' dir='ltr'>religiosarum</span> <span class='ocrx_word' id='word_1_266' title='bbox 2097 3670 2491 3732; x_wconf 85' lang='lat' dir='ltr'>feminarum</span> <span class='ocrx_word' id='word_1_267' title='bbox 2568 3688 2722 3731; x_wconf 91' lang='lat' dir='ltr'>cum</span> <span class='ocrx_word' id='word_1_268' title='bbox 2800 3669 3041 3750; x_wconf 89' lang='lat' dir='ltr'>quibus</span> 
     </span>
     <span class='ocr_line' id='line_1_36' title="bbox 629 3757 3044 3837; baseline 0 -18"><span class='ocrx_word' id='word_1_269' title='bbox 629 3760 894 3820; x_wconf 89' lang='lat' dir='ltr'>recessit</span> <span class='ocrx_word' id='word_1_270' title='bbox 925 3758 991 3819; x_wconf 90' lang='lat' dir='ltr'>in</span> <span class='ocrx_word' id='word_1_271' title='bbox 1025 3757 1370 3819; x_wconf 88' lang='lat' dir='ltr'>ecclesiam</span> <span class='ocrx_word' id='word_1_272' title='bbox 1404 3757 1579 3820; x_wconf 91' lang='lat' dir='ltr'>beati</span> <span class='ocrx_word' id='word_1_273' title='bbox 1617 3757 1952 3821; x_wconf 91' lang='lat' dir='ltr'>Damiani.</span> <span class='ocrx_word' id='word_1_274' title='bbox 2041 3757 2175 3820; x_wconf 93' lang='lat' dir='ltr'>Vbi</span> <span class='ocrx_word' id='word_1_275' title='bbox 2211 3757 2489 3820; x_wconf 89' lang='lat' dir='ltr'>mirabili</span> <span class='ocrx_word' id='word_1_276' title='bbox 2536 3757 2949 3837; x_wconf 88' lang='lat' dir='ltr'>parsimonia</span> <span class='ocrx_word' id='word_1_277' title='bbox 2978 3766 3044 3819; x_wconf 89' lang='lat' dir='ltr'>et</span> 
     </span>
     <span class='ocr_line' id='line_1_37' title="bbox 629 3844 3043 3926; baseline 0 -21"><span class='ocrx_word' id='word_1_278' title='bbox 629 3845 980 3908; x_wconf 89' lang='lat' dir='ltr'>sanctitate</span> <span class='ocrx_word' id='word_1_279' title='bbox 1038 3846 1241 3907; x_wconf 88' lang='lat' dir='ltr'>vitam</span> <span class='ocrx_word' id='word_1_280' title='bbox 1292 3845 1739 3926; x_wconf 88' lang='lat' dir='ltr'>quadraginta</span> <span class='ocrx_word' id='word_1_281' title='bbox 1787 3845 2071 3908; x_wconf 90' lang='lat' dir='ltr'>duorum</span> <span class='ocrx_word' id='word_1_282' title='bbox 2134 3865 2457 3907; x_wconf 84' lang='lat' dir='ltr'>annorum</span> <span class='ocrx_word' id='word_1_283' title='bbox 2508 3845 2764 3925; x_wconf 87' lang='lat' dir='ltr'>peregit</span> <span class='ocrx_word' id='word_1_284' title='bbox 2814 3844 3043 3907; x_wconf 91' lang='lat' dir='ltr'>multis</span> 
     </span>
     <span class='ocr_line' id='line_1_38' title="bbox 629 3930 3044 4013; baseline 0 -20"><span class='ocrx_word' id='word_1_285' title='bbox 629 3933 831 3994; x_wconf 90' lang='lat' dir='ltr'>etiam</span> <span class='ocrx_word' id='word_1_286' title='bbox 881 3932 1075 3994; x_wconf 92' lang='lat' dir='ltr'>editis</span> <span class='ocrx_word' id='word_1_287' title='bbox 1123 3931 1470 3993; x_wconf 81' lang='lat' dir='ltr'>miraculis,</span> <span class='ocrx_word' id='word_1_288' title='bbox 1563 3931 1865 4013; x_wconf 84' lang='lat' dir='ltr'>Quorum</span> <span class='ocrx_word' id='word_1_289' title='bbox 1917 3931 2073 3993; x_wconf 91' lang='lat' dir='ltr'>illud</span> <span class='ocrx_word' id='word_1_290' title='bbox 2110 3933 2373 3993; x_wconf 91' lang='lat' dir='ltr'>silentio</span> <span class='ocrx_word' id='word_1_291' title='bbox 2398 3951 2532 3993; x_wconf 89' lang='lat' dir='ltr'>non</span> <span class='ocrx_word' id='word_1_292' title='bbox 2560 3930 3044 4013; x_wconf 76' lang='lat' dir='ltr'>preteribimus,</span> 
     </span>
     <span class='ocr_line' id='line_1_39' title="bbox 633 4017 3041 4101; baseline -0 -21"><span class='ocrx_word' id='word_1_293' title='bbox 633 4018 833 4101; x_wconf 82' lang='lat' dir='ltr'>Quod</span> <span class='ocrx_word' id='word_1_294' title='bbox 866 4039 1016 4081; x_wconf 92' lang='lat' dir='ltr'>cum</span> <span class='ocrx_word' id='word_1_295' title='bbox 1052 4027 1354 4101; x_wconf 89' lang='lat' dir='ltr'>ternpore</span> <span class='ocrx_word' id='word_1_296' title='bbox 1390 4019 1749 4081; x_wconf 74' lang='lat' dir='ltr'>Frederici⁴</span> <span class='ocrx_word' id='word_1_297' title='bbox 1794 4019 2226 4101; x_wconf 82' lang='lat' dir='ltr'>imperatoriS,</span> <span class='ocrx_word' id='word_1_298' title='bbox 2260 4019 2573 4084; x_wconf 85' lang='lat' dir='ltr'>Saraceni</span> <span class='ocrx_word' id='word_1_299' title='bbox 2607 4019 2721 4099; x_wconf 90' lang='lat' dir='ltr'>qui</span> <span class='ocrx_word' id='word_1_300' title='bbox 2776 4017 3041 4080; x_wconf 88' lang='lat' dir='ltr'>Italiam</span> 
     </span>
     <span class='ocr_line' id='line_1_40' title="bbox 630 4106 3043 4188; baseline 0 -21"><span class='ocrx_word' id='word_1_301' title='bbox 630 4106 1028 4182; x_wconf 85' lang='lat' dir='ltr'>inuaserant,</span> <span class='ocrx_word' id='word_1_302' title='bbox 1051 4106 1382 4167; x_wconf 86' lang='lat' dir='ltr'>Assisium</span> <span class='ocrx_word' id='word_1_303' title='bbox 1417 4106 1819 4178; x_wconf 87' lang='lat' dir='ltr'>obsiderent,</span> <span class='ocrx_word' id='word_1_304' title='bbox 1846 4120 1913 4169; x_wconf 91' lang='lat' dir='ltr'>et</span> <span class='ocrx_word' id='word_1_305' title='bbox 1946 4108 2163 4188; x_wconf 91' lang='lat' dir='ltr'>ipsum</span> <span class='ocrx_word' id='word_1_306' title='bbox 2197 4106 2525 4188; x_wconf 84' lang='lat' dir='ltr'>virginum</span> <span class='ocrx_word' id='word_1_307' title='bbox 2562 4106 3043 4168; x_wconf 85' lang='lat' dir='ltr'>monasterium</span> 
     </span>
     <span class='ocr_line' id='line_1_41' title="bbox 632 4191 3044 4275; baseline 0 -22"><span class='ocrx_word' id='word_1_308' title='bbox 632 4202 1099 4274; x_wconf 87' lang='lat' dir='ltr'>oppugnarent</span> <span class='ocrx_word' id='word_1_309' title='bbox 1146 4191 1342 4256; x_wconf 88' lang='lat' dir='ltr'>Clara</span> <span class='ocrx_word' id='word_1_310' title='bbox 1389 4192 1540 4255; x_wconf 90' lang='lat' dir='ltr'>licet</span> <span class='ocrx_word' id='word_1_311' title='bbox 1587 4204 1900 4275; x_wconf 87' lang='lat' dir='ltr'>egrotans</span> <span class='ocrx_word' id='word_1_312' title='bbox 1932 4197 2016 4255; x_wconf 91' lang='lat' dir='ltr'>ad</span> <span class='ocrx_word' id='word_1_313' title='bbox 2051 4203 2312 4274; x_wconf 89' lang='lat' dir='ltr'>portam</span> <span class='ocrx_word' id='word_1_314' title='bbox 2361 4213 2432 4255; x_wconf 93' lang='lat' dir='ltr'>se</span> <span class='ocrx_word' id='word_1_315' title='bbox 2478 4192 2662 4255; x_wconf 88' lang='lat' dir='ltr'>iubet</span> <span class='ocrx_word' id='word_1_316' title='bbox 2709 4191 3044 4274; x_wconf 87' lang='lat' dir='ltr'>deportari</span> 
     </span>
     <span class='ocr_line' id='line_1_42' title="bbox 632 4280 3043 4362; baseline 0 -21"><span class='ocrx_word' id='word_1_317' title='bbox 632 4280 696 4341; x_wconf 90' lang='lat' dir='ltr'>in</span> <span class='ocrx_word' id='word_1_318' title='bbox 789 4280 1082 4342; x_wconf 91' lang='lat' dir='ltr'>hostium</span> <span class='ocrx_word' id='word_1_319' title='bbox 1172 4290 1604 4361; x_wconf 81' lang='lat' dir='ltr'>conspectum</span> <span class='ocrx_word' id='word_1_320' title='bbox 1697 4300 1847 4342; x_wconf 91' lang='lat' dir='ltr'>cum</span> <span class='ocrx_word' id='word_1_321' title='bbox 1937 4280 2212 4362; x_wconf 91' lang='lat' dir='ltr'>capsula</span> <span class='ocrx_word' id='word_1_322' title='bbox 2315 4301 2449 4361; x_wconf 91' lang='lat' dir='ltr'>qua</span> <span class='ocrx_word' id='word_1_323' title='bbox 2553 4290 3043 4343; x_wconf 86' lang='lat' dir='ltr'>sacramentum</span> 
     </span>
    </p>
   </div>
   <div class='ocr_carea' id='block_1_7' title="bbox 727 4438 3024 4570">
    <p class='ocr_par' dir='ltr' id='par_1_7' title="bbox 727 4438 3024 4570">
     <span class='ocr_line' id='line_1_43' title="bbox 728 4438 2351 4516; baseline 0.001 -27"><span class='ocrx_word' id='word_1_324' title='bbox 728 4438 746 4470; x_wconf 88' lang='lat'>¹</span> <span class='ocrx_word' id='word_1_325' title='bbox 783 4440 881 4489; x_wconf 89' lang='lat' dir='ltr'>Die</span> <span class='ocrx_word' id='word_1_326' title='bbox 909 4454 980 4490; x_wconf 89' lang='lat'>11.</span> <span class='ocrx_word' id='word_1_327' title='bbox 1012 4442 1069 4489; x_wconf 83' lang='lat' dir='ltr'>in</span> <span class='ocrx_word' id='word_1_328' title='bbox 1094 4459 1158 4491; x_wconf 90' lang='lat' dir='ltr'>m.</span> <span class='ocrx_word' id='word_1_329' title='bbox 1223 4457 1318 4491; x_wconf 86' lang='lat' dir='ltr'>om.</span> <span class='ocrx_word' id='word_1_330' title='bbox 1349 4440 1426 4505; x_wconf 90' lang='lat'>38.</span> <span class='ocrx_word' id='word_1_331' title='bbox 1937 4438 1961 4470; x_wconf 80' lang='lat'>²</span> <span class='ocrx_word' id='word_1_332' title='bbox 1992 4440 2074 4489; x_wconf 92' lang='lat' dir='ltr'>die</span> <span class='ocrx_word' id='word_1_333' title='bbox 2103 4453 2175 4516; x_wconf 64' lang='lat'>125</span> <span class='ocrx_word' id='word_1_334' title='bbox 2203 4441 2263 4515; x_wconf 60' lang='lat' dir='ltr'>fn</span> <span class='ocrx_word' id='word_1_335' title='bbox 2286 4457 2351 4490; x_wconf 82' lang='lat' dir='ltr'>m.</span> 
     </span>
     <span class='ocr_line' id='line_1_44' title="bbox 727 4503 3024 4570; baseline -0 -15"><span class='ocrx_word' id='word_1_336' title='bbox 727 4505 748 4536; x_wconf 77' lang='lat'><strong>³</strong></span> <span class='ocrx_word' id='word_1_337' title='bbox 781 4508 924 4555; x_wconf 84' lang='lat' dir='ltr'>loco:</span> <span class='ocrx_word' id='word_1_338' title='bbox 961 4506 1038 4570; x_wconf 89' lang='lat'>38.</span> <span class='ocrx_word' id='word_1_339' title='bbox 1068 4516 1161 4556; x_wconf 85' lang='lat' dir='ltr'>etc.</span> <span class='ocrx_word' id='word_1_340' title='bbox 1936 4504 1958 4535; x_wconf 79' lang='lat'><strong>⁴</strong></span> <span class='ocrx_word' id='word_1_341' title='bbox 1991 4506 2251 4556; x_wconf 83' lang='lat' dir='ltr'>Fedenc1:</span> <span class='ocrx_word' id='word_1_342' title='bbox 2287 4518 2364 4569; x_wconf 88' lang='lat'>39.</span> <span class='ocrx_word' id='word_1_343' title='bbox 2395 4518 2473 4566; x_wconf 87' lang='lat'>41.</span> <span class='ocrx_word' id='word_1_344' title='bbox 2503 4517 2581 4568; x_wconf 86' lang='lat'>43.</span> <span class='ocrx_word' id='word_1_345' title='bbox 2611 4519 2691 4566; x_wconf 89' lang='grc'>44.</span> <span class='ocrx_word' id='word_1_346' title='bbox 2723 4517 2803 4567; x_wconf 83' lang='grc'>49.</span> <span class='ocrx_word' id='word_1_347' title='bbox 2836 4504 2917 4569; x_wconf 84' lang='grc'>63.</span> <span class='ocrx_word' id='word_1_348' title='bbox 2947 4503 3024 4565; x_wconf 80' lang='grc'>64.</span> 
     </span>
    </p>
   </div>
  </div>
 </body>
</html>
