3293 5225
395 409 518 459 IAN.
550 410 624 474 5.]
1201 411 1478 462 VIGILIA
1524 411 2021 461 EPIPHANIAE.
2712 417 2801 466 241

396 563 700 641 IoanneS,
733 565 845 648 qui
890 586 1088 647 supra
1121 574 1350 647 pectus
1383 566 1635 628 domini
1671 566 1735 628 in
1770 585 1933 628 cena
1978 566 2293 642 recubuit,
2324 565 2561 627 beatus
2606 583 2801 644 apos-

387 650 565 713 tolus
597 654 702 715 cui
737 653 1028 716 reuelata
1060 663 1216 714 sunt
1247 664 1497 715 secreta
1529 652 1817 716 celestia.

527 737 770 803 Oratio.
864 740 1231 803 Ecclesiam
1267 751 1469 816 tuam,
1501 748 1584 803 vt.
1618 737 1842 821 ¹supra
1888 740 1957 802 in
2009 740 2148 802 eius
2168 737 2387 820 festo,¹
2439 748 2505 801 et
2548 758 2671 800 non
2707 735 2806 818 fit

384 827 899 888 commemoratio
929 828 1007 890 a’e
1035 827 1494 890 InnocentibuS.
1567 877 1572 880 -

523 918 589 988 (I
634 913 717 975 ln
749 924 972 976 octaua
1001 915 1214 976 sancti
1259 912 1553 976 Ioannis2
1584 913 2059 988 inuitatorium,
2107 912 2353 994 hymni,
2406 910 2751 992 antiphone
2775 933 2798 973 .·

388 1000 587 1061 tertia
617 1001 793 1063 lectio
822 1011 882 1063 et
911 1001 1117 1064 oratio
1146 1001 1456 1064 dte-untur
1471 1001 1637 1064 sicut
1669 1001 1739 1063 in
1791 999 1956 1064 ⁸eius
1991 1000 2194 1081 festo³
2241 1010 2305 1062 et
2355 1000 2424 1061 in
2477 997 2796 1072 laudibuS,

271 1152 282 1164 ,
378 1096 532 1167 post
559 1088 905 1149 orationes4
933 1086 1203 1149 Ioannis
1232 1088 1476 1150 debitur
1500 1089 1699 1150 etiam
1731 1088 1936 1149 oratio
1958 1088 2423 1151 Innocentium.
2536 1086 2800 1165 Vespere

392 1173 702 1236 dicuntur
727 1175 804 1237 a'e
831 1185 1046 1237 sancto
1077 1174 1318 1236 Ioanne
1345 1184 1409 1237 et
1420 1186 1573 1255 post
1613 1175 1753 1237 eius
1794 1175 2145 1237 orationem
2176 1185 2306 1256 pro
2348 1192 2797 1237 commemora-

388 1261 560 1322 tione
588 1271 802 1324 octaue
830 1260 1270 1324 Innocentium
1301 1261 1546 1323 dicitur
1571 1261 1631 1324 A
1643 1261 1968 1341 ntzphona.

529 1348 620 1410 Hi
668 1360 821 1411 sunt
869 1351 980 1429 qui
1028 1370 1179 1412 cum
1229 1349 1611 1412 mulieribus
1660 1369 1790 1410 non
1840 1358 1992 1411 sunt
2038 1348 2466 1429 coinquinati,
2509 1346 2798 1429 virgines

389 1435 568 1496 enim
604 1445 776 1513 sunt,
807 1447 874 1498 et
906 1447 1271 1516 sequuntur
1302 1457 1548 1517 agnum
1582 1456 2007 1518 quocumque
2039 1436 2199 1499 ierit.

529 1522 771 1586 Oratio.
866 1522 1052 1585 Deus
1083 1524 1267 1585 cuius
1298 1522 1636 1598 hodierna,
1668 1535 1789 1586 etc.
1828 1533 1897 1585 vt
1925 1524 1994 1584 in
2027 1522 2266 1585 ⁵eorum
2288 1520 2509 1602 festo.⁵

523 1609 605 1671 In
637 1619 861 1672 octaua
893 1609 1360 1672 Innocentium⁶
1390 1610 1882 1684 Inuitatorium,
1914 1610 2157 1691 hymni,
2188 1609 2549 1690 antiphone,
2600 1607 2799 1670 tertia

389 1696 572 1758 lectio
602 1707 664 1758 et
691 1698 898 1759 oratio
928 1697 1239 1760 dicuntur
1263 1698 1432 1759 sicta
1456 1698 1527 1758 in
1557 1695 1802 1758 7eorum
1838 1695 2048 1773 festo?

1202 1834 1284 1897 In
1319 1836 1551 1917 vigilia
1581 1835 1646 1897 E
1634 1834 1992 1917 βιβΙιαηιὶειΒ

522 1947 991 2011 Inuitaton’um
1023 1946 1268 2029 hymni,
1298 1949 1658 2029 antiphone,
1688 1958 1751 2010 et
1784 1948 2013 2011 Oratio
2044 1948 2354 2010 dicuntur
2377 1947 2543 2010 stent
2580 1948 2651 2010 in
2698 1947 2803 2010 die

385 2034 878 2112 circuncelviomk,
907 2036 1048 2097 siue
1077 2035 1325 2097 incidat
1353 2037 1422 2097 in
1455 2035 1794 2112 dominica,
1823 2036 1961 2098 siue
1992 2036 2061 2097 in
2093 2036 2223 2097 alio
2251 2055 2614 2117 quocunque
2641 2035 2760 2096 a'z'e.

906 2180 975 2249 (I
1031 2174 1253 2236 Tertia
1285 2173 1461 2237 lectio
1489 2174 1835 2236 secundum
1869 2174 1962 2236 M
1957 2172 2265 2242 altheum.

479 2286 540 2348 N
605 2286 718 2348 illo
787 2295 1128 2367 tempore:
1207 2286 1546 2348 Defuncto
1614 2286 1886 2349 Herode
1962 2307 2113 2348 ecce
2190 2286 2467 2367 angelus
2543 2285 2799 2347 domini

519 2374 828 2455 apparuit
863 2374 927 2434 in
963 2373 1215 2436 somnis
1253 2373 1493 2455 Ioseph
1528 2375 1591 2435 in
1630 2373 1925 2455 EgyptO,
1956 2373 2222 2436 dicens:
2274 2372 2530 2455 Surge,⁹
2574 2373 2802 2453 accipe

395 2480 671 2540 puerum
706 2470 773 2521 et
808 2471 1087 2522 matrem
1121 2462 1261 2522 eius
1292 2484 1305 2523 :
1353 2471 1421 2523 et
1452 2459 1623 2521 vade
1657 2461 1721 2522 in
1758 2471 2000 2523 terram
2040 2461 2242 2522 Israel
2292 2459 2589 2523 defuncti
2637 2469 2797 2522 sunt

389 2548 570 2608 enim
605 2548 717 2628 qui
750 2546 1121 2628 querebant
1152 2548 1447 2609 animam
1483 2548 1685 2629 pueri.
1720 2559 1786 2610 et
1819 2547 2084 2629 reliqua.

901 2684 982 2745 H
978 2684 1202 2746 omilia
1238 2684 1472 2747 Sancti
1497 2685 1578 2746 H
1563 2686 1905 2765 yeronymi
1915 2684 2292 2766 presbyteri.

406 2794 600 2922 EX
629 2794 922 2857 hocloco
956 2794 1385 2878 intelligimus
1407 2816 1539 2858 non
1563 2795 1777 2858 solum
1812 2795 2171 2871 Herodem,
2193 2795 2308 2857 sed
2334 2804 2400 2858 et
2422 2794 2799 2857 sacerdotes

579 2892 643 2945 et
676 2882 923 2943 scribas
955 2882 1188 2944 eodem
1243 2893 1544 2964 tempore
1600 2903 1832 2945 necem
1882 2883 2135 2945 domini
2192 2882 2391 2944 fuisse
2424 2881 2797 2945 meditatos

393 2967 528 3050 Qui
606 2989 882 3048 surgens
956 2969 1211 3050 accepit
1289 2990 1565 3051 puerum
1643 2980 1711 3033 et
1788 2979 2065 3032 matrem
2141 2971 2295 3032 eiuS.
2391 2969 2544 3031 Non
2622 2969 2798 3031 dixit

393 3054 703 3137 accepitlo
722 3055 931 3117 filium
956 3076 1150 3117 suum
1177 3066 1245 3119 et
1268 3076 1545 3118 vxorem
1570 3057 1905 3133 suam,sed
1929 3077 2203 3138 puerum
2227 3068 2293 3119 et
2317 3067 2596 3118 matrem
2620 3057 2758 3118 eius
2782 3080 2796 3118 :

386 3144 581 3223 quasi
630 3140 994 3205 nutricius¹¹
1043 3163 1174 3206 non
1227 3144 1548 3206 maritus:
1582 3144 1888 3206 Audiens
1935 3156 2157 3206 autem
2207 3144 2387 3226 quod
2424 3142 2792 3205 Archelaus

393 3240 699 3310 regnaret
732 3230 795 3290 in
837 3229 1042 3291 Iudea
1077 3251 1194 3312 pro
1233 3230 1503 3293 Herode
1537 3241 1724 3312 patre
1772 3252 1910 3305 su0,
1954 3232 2178 3294 timuit
2227 3230 2339 3293 illo
2394 3231 2501 3292 ire.
2597 3230 2794 3292 Multi

393 3326 663 3397 propter
711 3318 1152 3397 ignorantiam
1203 3318 1471 3380 historie
1520 3317 1835 3380 labuntur
1874 3339 2105 3392 errore,
2151 3328 2464 3399 putantes
2504 3316 2792 3378 eundem

384 3423 534 3464 esse
575 3404 914 3465 Herodem
947 3424 986 3465 a
1027 3423 1161 3485 quo
1193 3406 1258 3467 in
1294 3406 1601 3487 passione
1634 3426 1754 3466 sua
1808 3405 2117 3467 dominus
2173 3405 2513 3467 irridetur:
2562 3412 2627 3465 et
2682 3405 2794 3485 qui

395 3509 571 3552 nunc
606 3500 902 3552 mortuus
934 3510 1079 3552 esse
1111 3492 1398 3553 refertur.
1493 3492 1676 3572 Ergo
1714 3491 2017 3554 Herodes
2069 3491 2176 3553 ille
2225 3491 2336 3573 qui
2370 3510 2521 3554 cum
2576 3491 2793 3553 Pilato

395 3588 628 3658 postea
661 3576 987 3639 amicitias
1022 3578 1193 3653 fecit,
1243 3579 1435 3641 huius
1497 3577 1784 3641 Herodis
1840 3578 2010 3640 filius
2063 3589 2163 3640 est
2213 3577 2412 3640 frater
2462 3578 2792 3639 Archelai.

394 3662 616 3745 Quem
644 3675 712 3727 et
744 3665 960 3746 ipsum
996 3664 1323 3746 Tyberius
1379 3665 1581 3728 Cesar
1632 3665 2037 3745 Lugdunum
2094 3685 2223 3747 que
2274 3664 2637 3728 Galliarum
2693 3674 2795 3727 est

390 3752 632 3814 ciuitas
683 3751 1021 3834 relegauit,
1077 3752 1476 3833 fratremque
1530 3752 1673 3815 eius
1732 3751 2053 3815 Herode12
2106 3771 2550 3814 successorem
2608 3752 2791 3833 regni

398 3838 566 3901 fecit.
662 3839 845 3921 Lege
883 3838 1147 3920 Iosephi
1180 3839 1542 3902 historiam.
1637 3839 1726 3901 Et
1758 3841 2029 3901 veniens
2062 3839 2390 3901 habitauit
2423 3840 2487 3899 in
2521 3839 2793 3901 ciuitate

393 3944 525 4005 que
600 3936 874 3989 vocatur
951 3926 1326 3989 Nazareth:
1401 3936 1471 3987 vt
1547 3926 2019 4007 adimpleretur
2094 3926 2272 4007 quod
2350 3924 2602 3988 dictum
2693 3935 2797 3988 est

399 4032 514 4093 per
575 4012 972 4095 prophetas:
1052 4012 1386 4094 Quoniam
1439 4013 1779 4075 Nazareus
1839 4011 2178 4077 vocatur.¹³
2270 4011 2341 4076 Si
2417 4012 2649 4089 fixum,
2712 4014 2797 4076 de

392 4100 734 4182 scripturis
796 4100 1124 4181 posuisset
1171 4100 1576 4181 exemplum,
1625 4120 1966 4181 nunquam
2017 4100 2266 4163 diceret
2314 4100 2493 4181 quod
2542 4099 2794 4163 dictum

497 4219 598 4255 ¹-¹
637 4222 692 4268 in
715 4222 825 4269 die:
861 4234 938 4284 39.
967 4234 1048 4281 41.
1698 4219 1721 4251 ²
1752 4222 1834 4272 die
1859 4234 1902 4284 3.
1934 4224 1990 4270 in
2015 4239 2079 4271 m.

496 4284 605 4379 ζ-ῑὲ
633 4288 745 4361 ἄξιε
778 4299 856 4348 39.
884 4299 964 4347 41.
1269 4349 1291 4381 ⁶
1361 4352 1372 4363 0
1540 4353 1550 4363 ·
1703 4286 1724 4316 ⁴⁸
1755 4289 2025 4336 orationem
2048 4288 2244 4336 sancti:
2277 4299 2355 4383 39.
2386 4298 2478 4377 ete.

520 4378 583 4386 ——
637 4353 739 4399 dec.
782 4364 859 4413 39.
889 4365 969 4413 41.
1322 4352 1419 4401 dne.
1448 4367 1495 4412 4.
1524 4369 1583 4400 m
1606 4368 1673 4400 m.
2200 4351 2277 4386 ⁷—
2339 4355 2446 4418 αζιι.
2487 4364 2565 4415 39.
2592 4363 2674 4414 41.

499 4412 520 4444 Β
552 4415 649 4465 die.
681 4427 725 4480 5.
756 4418 812 4464 in
837 4434 902 4464 m.
1277 4414 1300 4446 ⁹
1331 4427 1413 4467 et:
1447 4418 1558 4466 add.
1586 4428 1667 4479 43.
1697 4417 1776 4480 63.
2197 4415 2239 4447 ¹⁰
2269 4434 2363 4467 om.
2394 4417 2470 4480 38.

500 4479 536 4510 ¹¹
572 4482 814 4532 nutritus:
850 4494 928 4545 39.
1267 4480 1308 4512 ¹²
1342 4482 1629 4533 Herodem:
1669 4495 1748 4551 39.
1777 4493 1856 4533 etc
2197 4481 2238 4513 ¹³
2269 4482 2563 4532 vocabitur:
2602 4480 2679 4546 38.
2701 4491 2797 4531 etc.

487 4561 550 4611 B.
597 4561 660 4612 R.
711 4561 778 4610 N.
2498 4562 2546 4611 R
