3293 5225
485 476 577 524 116
1164 477 1459 528 DOMINI
1458 479 1545 527 CA
1604 478 1716 527 DE
1769 477 2148 527 PASSJONE.

479 628 652 692 desit
711 631 822 711 qui
884 632 1062 695 dicat
1122 633 1299 714 apud
1364 631 1797 714 semetipsum
1833 655 1847 694 ε
1910 631 2088 693 Num
2152 630 2313 712 quid
2368 631 2535 694 forte
2580 630 2894 694 dominus

479 714 779 794 Christus
810 729 912 782 est
941 719 1038 781 sol
1072 719 1196 781 iste
1227 719 1339 800 qui
1385 728 1530 781 ortu
1579 729 1646 781 et
1692 738 1931 780 occasu
1977 738 2099 780 suo
2149 718 2406 801 peragit
2458 717 2685 780 diem?
2735 718 2888 781 Non

477 805 655 866 enim
688 805 1040 868 defuerunt
1071 806 1342 869 heretici
1374 807 1486 887 qui
1520 807 1645 869 ista
1676 814 2025 868 senserunt
2062 806 2395 868 Manichei
2427 805 2634 868 solem
2686 806 2885 868 istum

477 889 710 953 oculis1
742 894 957 954 carnis
982 892 1302 956 visibilem
1337 893 1722 973 expositum
1757 902 1824 955 et
1857 892 2212 975 publicum,
2232 913 2363 954 non
2390 901 2650 954 tantum
2677 892 2889 955 horni-

479 977 711 1040 nibus:
772 982 887 1043 sed
934 981 1134 1042 etiam
1186 978 1556 1061 pecoribusss
1600 981 1687 1042 ad
1733 979 2097 1042 videndum
2146 979 2486 1043 Christum
2534 979 2883 1042 dominum

475 1083 622 1127 esse
655 1075 1073 1146 putauerunt.
1165 1066 1298 1130 Sed
1334 1066 1657 1129 catholice
1688 1066 1960 1129 ecclesie
1993 1076 2170 1129 recta
2204 1065 2366 1129 fides
2399 1066 2733 1149 improbat
2752 1067 2887 1129 tale

477 1162 950 1230 commentum,
981 1163 1047 1216 et
1080 1153 1476 1217 diabolicam
1525 1154 1897 1216 doctrinam
1948 1173 2091 1215 esse
2144 1154 2488 1235 cognoscit
2537 1153 2885 1217 credendo,

477 1237 629 1301 Non
664 1239 879 1302 solum
913 1251 1136 1304 autem
1170 1242 1512 1320 cognoscit
1542 1240 1876 1303 credendo
1906 1240 2023 1302 sed
2062 1241 2125 1302 in
2175 1241 2416 1322 quibus
2463 1250 2682 1323 potest
2727 1259 2882 1303 con-

475 1325 679 1389 uincit
710 1328 912 1390 etiam
961 1327 1383 1411 disputando
1481 1327 1943 1409 Improbemus
1990 1328 2214 1408 itaque
2257 1324 2665 1390 huiusmodi³
2707 1347 2882 1389 erro-

475 1432 631 1487 rem,
665 1433 862 1494 quem
896 1425 1127 1477 sancta
1158 1416 1243 1477 ab
1277 1415 1464 1477 initio
1495 1415 2090 1477 anathematizauit
2123 1414 2416 1478 ecclesia.

609 1500 670 1562 N
676 1521 763 1563 on
796 1502 1189 1564 arbitremur
1218 1502 1561 1565 dominum
1603 1501 1822 1564 Iesum
1855 1502 2030 1564 hunc
2061 1522 2204 1564 esse
2235 1502 2464 1576 solem,
2483 1521 2678 1582 quem
2701 1499 2881 1564 vide-

474 1605 620 1649 mus
644 1588 793 1650 oriri
816 1589 903 1650 ab
926 1590 1221 1664 oriente,⁴
1246 1590 1541 1651 occidere
1568 1590 1631 1649 in
1655 1589 2000 1652 occidente
2024 1613 2037 1651 ε
2059 1590 2242 1651 cuius
2263 1588 2477 1651 cursui
2503 1608 2642 1649 nox
2657 1607 2877 1649 succe-

470 1672 587 1750 dit,
617 1676 802 1737 cuius
859 1674 1022 1757 radij
1073 1675 1249 1738 nube
1295 1677 1793 1752 obumbrantur,
1840 1677 1950 1757 qui
1997 1685 2178 1738 certa
2223 1675 2307 1738 de
2353 1675 2500 1737 loco
2546 1675 2608 1736 in
2660 1674 2874 1737 locum

472 1762 765 1824 motione
797 1764 1240 1846 transmigrat.
1334 1762 1488 1825 Non
1520 1772 1622 1825 est
1656 1763 1759 1824 hic
1791 1763 2101 1825 dominus
2138 1762 2321 1825 Iesus
2348 1762 2663 1826 Christus
2723 1762 2875 1823 Non

467 1857 569 1910 est
602 1848 901 1912 Christus
931 1850 1029 1912 sol
1064 1851 1275 1912 factus
1309 1874 1322 1912 ε
1367 1851 1483 1912 sed
1519 1870 1634 1931 per
1666 1869 1863 1930 quem
1898 1849 1994 1911 sol
2044 1849 2255 1912 factus
2302 1859 2446 1912 est:
2492 1850 2716 1911 omnia
2762 1868 2881 1930 per

466 1935 684 2015 ipsum
718 1937 893 1999 facta
925 1947 1080 2000 sunt
1111 1947 1178 2000 et
1211 1939 1351 1999 sine
1383 1939 1529 2019 ipso
1562 1935 1810 1998 factum
1845 1946 1945 1999 est
1976 1937 2155 1999 nihil.
2249 1936 2374 1999 Est
2405 1956 2564 2020 ergo
2596 1936 2714 1998 lux
2748 1955 2879 2016 que

461 2022 615 2085 fecit
646 2022 816 2085 hanc
849 2023 1107 2088 lucem.⁵

1536 2160 1780 2224 Oratio,

470 2271 697 2400 Fiat
758 2272 1028 2335 domine
1091 2292 1451 2354 quesumus
1503 2293 1619 2355 per
1665 2274 1950 2355 gratiam
1999 2283 2183 2336 tuam
2233 2274 2606 2337 fructuosos
2655 2285 2877 2336 nostre

630 2360 1005 2422 deuotionis
1068 2359 1364 2434 affectuS,
1431 2361 1586 2440 quia
1656 2371 1812 2421 tunc
1885 2359 2077 2422 nobis
2139 2362 2502 2442 proderunt
2567 2373 2876 2441 suscepta

457 2445 732 2508 ieiunia:
781 2448 833 2508 si
867 2457 979 2510 tue
1010 2448 1143 2508 sint
1177 2446 1419 2528 placita
1452 2447 1702 2529 pietati.
1782 2448 1906 2509 Per
1936 2447 2281 2510 dominum
2315 2459 2437 2511 etc,

697 2599 764 2670 (I
796 2593 1143 2656 Dominica
1174 2593 1251 2655 de
1264 2587 1576 2675 passione*
1596 2593 1693 2656 ad
1718 2592 2116 2656 matutinum
2152 2593 2626 2658 inuitatorium.

588 2706 925 2770 Christum
959 2704 1092 2768 ⁶dei
1128 2704 1380 2782 filium,⁶
1404 2708 1517 2787 qui
1550 2727 1671 2768 sua
1704 2727 1826 2767 nos
1875 2707 2181 2788 passione
2237 2706 2535 2769 redemit.
2628 2706 2873 2769 Venite

453 2792 821 2856 adoremus.

584 2880 731 2943 Hoc
771 2880 1226 2943 i'nuztatorium
1267 2902 1408 2942 cum
1449 2879 1726 2960 hymnis.
1783 2881 2009 2961 Pange
2051 2880 2292 2961 lingua.
2338 2882 2436 2943 ad
2458 2881 2875 2958 malannum,

450 2978 516 3030 et
557 2967 827 3030 Vexilla
877 2969 1050 3049 regis
1095 2967 1190 3029 ad
1229 2978 1521 3048 vesperas
1564 2968 1876 3029 dicuntm
1916 2988 2110 3049 vsque
2153 2968 2248 3029 ad
2266 2967 2524 3047 feriam
2571 2969 2869 3049 quzntam

455 3076 525 3116 m
556 3075 705 3117 cena
735 3054 989 3117 dommi
1013 3054 1329 3117 excluszue
1359 3075 1488 3115 nzsz
1519 3055 1841 3135 agendum
1871 3054 1963 3116 szt
1990 3054 2067 3115 de
2095 3054 2310 3136 aliquo
2321 3056 2500 3134 festo
2529 3055 2785 3135 duplicz.

1491 3202 1817 3282 Hymnus,

466 3315 775 3444 PAnge
830 3314 1055 3397 lingua
1116 3313 1386 3397 gloriosi
1452 3314 1737 3377 Prelium
1795 3314 2196 3390 certamini5‚
2251 3316 2342 3378 Et
2403 3335 2601 3399 super
2661 3317 2874 3378 crucis

616 3400 995 3485 tropheum⁷
1019 3402 1144 3463 Dic
1171 3401 1579 3484 triumphum
1608 3401 1898 3464 nobilem
1927 3426 1940 3464 ε
1968 3401 2269 3484 Qualiter
2293 3403 2675 3485 redemptor
2694 3402 2869 3465 orbis
2953 3458 2958 3465 .

456 3490 852 3553 Immolatus
881 3490 1124 3552 vicerit.

585 3576 691 3640 De
723 3577 1013 3658 parentis
1036 3576 1430 3659 protoplasti
1458 3576 1721 3638 Fraude
1743 3575 1917 3638 facta
1941 3576 2303 3638 condolens
2331 3600 2343 3639 ε
2370 3575 2660 3659 Quando
2687 3575 2867 3657 pomi

454 3664 743 3727 noxialis
780 3663 1040 3727 Monte⁸
1073 3683 1295 3726 morsu
1329 3663 1589 3739 corruit,
1628 3663 1780 3745 lpse
1815 3663 2070 3745 lignum
2104 3672 2262 3725 tunc
2295 3663 2573 3738 notauit,
2594 3662 2866 3725 Damna

452 3752 612 3834 ligni
646 3750 743 3814 vt⁹
773 3751 1075 3813 solueret.

589 3839 740 3901 Hoc
773 3859 939 3921 opus
974 3847 1197 3900 nostre
1222 3836 1451 3899 salutis
1472 3836 1662 3901 Ordo
1682 3837 2163 3918 depoposcerat
2192 3861 2204 3899 :
2240 3836 2672 3899 Multiformis
2719 3855 2867 3917 pro-

455 3927 687 3989 ditoris
710 3925 841 3988 Ars
866 3936 935 3987 vt
968 3934 1177 3986 artem
1213 3923 1503 3987 falleret:
1539 3924 1630 3987 Et
1663 3923 1991 3987 medelam
2017 3923 2211 3986 ferret
2241 3924 2394 3985 inde
2433 3923 2671 3986 Hostis
2688 3922 2867 3985 vnde

450 4014 705 4077 leserat.

587 4099 878 4182 Quando
897 4099 1079 4161 venit
1098 4118 1256 4178 ergo
1282 4098 1446 4159 sacri
1475 4096 1825 4160 Plenitudo
1844 4098 2186 4179 temporis:
2210 4097 2454 4159 Missus
2480 4107 2582 4160 est
2605 4096 2693 4160 ab
2716 4117 2872 4159 arce

456 4188 660 4270 patris
697 4186 913 4249 Natus
944 4185 1119 4247 orbis
1152 4185 1493 4247 conditor:
1529 4184 1759 4266 Atque
1803 4194 2033 4247 ventre
2078 4184 2379 4266 virginali
2432 4184 2607 4248 Caro
2654 4186 2873 4246 factus

454 4273 719 4357 prodijt.

548 4421 567 4453 ¹
600 4423 829 4472 oculum:
866 4420 945 4470 66.
1386 4416 1816 4532 2ιῐίεοοειῑοιίῐηιι.
1852 4419 1931 4481 38.
2295 4418 2316 4449 ³
2347 4420 2570 4496 homini:
2606 4418 2690 4494 66.

547 4486 569 4519 ⁴
601 4498 683 4538 et:
718 4488 830 4536 add.
858 4486 936 4535 60.
966 4485 1051 4535 61.·
1075 4485 1154 4547 64.
1478 4483 1688 4533 1iserere
1731 4495 1807 4548 50.
1835 4487 1946 4534 add.
1975 4485 2054 4549 63.
2288 4482 2397 4522 ⁶—⁶
2429 4485 2586 4534 filium
2609 4484 2731 4535 deit
2768 4497 2850 4547 39.

546 4552 568 4585 ⁷
601 4553 858 4618 trophaeo:
894 4551 975 4600 60.
1002 4551 1084 4600 61.
1394 4547 1416 4580 Β
1449 4550 1648 4599 Morte:
1686 4562 1764 4614 39.
1794 4558 1890 4599 etc.
2288 4548 2310 4581 ⁹
2340 4567 2434 4601 om.
2463 4551 2544 4601 66.
