3293 5225
453 472 551 510 100
793 462 1022 512 FERIA
1093 463 1148 513 V.
1210 463 1650 514 DOMINJCAE
1703 454 1780 515 II.
1850 464 2515 524 QUADRAGESJMAE.

1022 673 1088 742 (Ι
1123 668 1491 730 Secundum
1524 668 1875 733 loannem}
1968 669 2179 731 Lectto
2209 690 2296 754 :U-

467 776 719 905 HEc
782 779 1030 841 mando
1090 780 1278 842 vobis
1338 790 1410 843 vt
1470 780 1762 866 diligatis
1823 781 2103 844 inuicem
2299 780 2605 862 princeps
2666 778 2861 840 huius

648 865 878 927 mundi
913 866 1042 929 iam
1078 867 1404 930 iudicatus
1436 879 1553 932 est.

1046 1034 1112 1103 (I
1158 1029 1377 1091 Tertia
1407 1030 1581 1093 lectio
1610 1031 1886 1094 secunda
1893 1053 1955 1092 m
1987 1028 2277 1093 Lucam.‘·’'

590 1140 667 1203 In
701 1139 813 1203 illo
844 1151 1181 1223 ternpore:
1231 1143 1427 1206 Dixit
1479 1144 1664 1206 Iesus
1707 1143 2047 1227 discipulis
2078 1141 2277 1207 suis3:
2328 1142 2558 1205 Homo
2589 1143 2861 1223 quidam

454 1239 595 1291 erat
627 1229 829 1305 diueS,
860 1239 927 1291 et
961 1230 1359 1293 induebatur
1390 1251 1680 1313 purpura
1711 1242 1777 1294 et
1811 1233 2011 1312 bysso
2043 1241 2109 1294 et
2140 1230 2534 1313 epulabatur
2564 1229 2862 1310 quotidie

453 1315 821 1397 splendide.
914 1317 1002 1379 Et
1037 1315 1302 1398 reliqua.

1046 1485 1114 1555 ([
1144 1478 1493 1558 Homelia†
1521 1483 1736 1544 sancti
1767 1481 1827 1545 G
1831 1482 2073 1564 regorg‘j
2072 1491 2254 1563 pape.

469 1589 601 1718 IN
635 1589 851 1653 verbis
904 1589 1142 1674 sacrij†
1171 1591 1414 1673 eloquij
1452 1592 1682 1656 fratres
1715 1594 2076 1657 charissimi
2107 1617 2120 1656 ε
2169 1594 2374 1676 prius4
2403 1593 2728 1655 seruanda
2760 1599 2862 1653 est

564 1677 807 1740 veritas
852 1677 1139 1754 historie,
1181 1688 1247 1741 et
1302 1682 1730 1760 postmodum
1781 1682 2169 1762 requirenda
2222 1680 2577 1761 spiritualis
2626 1677 2861 1740 intelli-

455 1766 681 1846 gentia
769 1764 1098 1847 allegorie‚
1177 1765 1369 1829 Tunc
1459 1787 1747 1849 namque
1836 1767 2149 1850 allegorie
2237 1768 2487 1830 fructus
2575 1767 2867 1828 suauiter

456 1851 808 1932 carpitur⁵:
854 1873 1004 1915 cum
1040 1853 1219 1933 prius
1251 1874 1367 1936 per
1397 1854 1737 1918 historiam
1771 1857 2065 1918 veritatis
2116 1853 2334 1917 radice
2375 1854 2697 1916 solidatur
2729 1852 2863 1915 Sed

457 1939 613 2018 quia
659 1958 790 2001 non
848 1959 1190 2021 nunquam
1238 1939 1554 2022 allegoria
1585 1941 1785 2004 fidem
1837 1941 2139 2005 edificat:
2186 1952 2252 2004 et
2283 1941 2557 2003 historia
2605 1939 2865 2002 morali-

457 2034 702 2088 tatem:
749 2046 871 2088 nos
917 2027 1028 2107 qui
1080 2037 1348 2090 auctore
1403 2029 1531 2090 deo
1585 2030 1715 2091 iam
1751 2029 2052 2092 fidelibus
2104 2028 2434 2109 loquimur
2488 2047 2619 2089 non
2654 2025 2766 2089 ab⁶
2800 2047 2867 2088 re

458 2113 829 2176 credimus:
876 2114 928 2175 si
978 2114 1192 2194 ipsum
1243 2114 1555 2195 loquendi
1604 2115 1904 2178 ordinem
1962 2127 2464 2199 postponamuS,
2515 2114 2867 2197 Quatenus

459 2199 571 2280 qui
606 2199 804 2263 fidem
842 2200 972 2263 iam
1007 2200 1264 2264 firmam
1299 2204 1578 2265 tenetis:
1628 2204 1807 2285 prius
1839 2203 1921 2265 de
1953 2203 2270 2285 allegoria
2301 2203 2551 2283 aliquid
2585 2202 2871 2264 breuiter

460 2286 687 2350 audire
735 2286 1073 2350 debeatis:
1120 2298 1188 2350 et
1219 2290 1398 2370 quod
1434 2289 1621 2352 vobis
1676 2291 1758 2352 de
1814 2291 2191 2353 moralitate
2244 2290 2512 2352 historie
2543 2287 2736 2351 valde
2769 2297 2872 2350 est

461 2375 946 2437 necessarium:
1036 2374 1162 2438 hoc
1254 2377 1318 2439 in
1411 2377 1853 2459 expositionis
1945 2387 2167 2440 nostre
2255 2378 2487 2439 ordine
2578 2388 2873 2439 seruetur

459 2471 877 2524 extremum:
925 2462 1081 2544 quia
1113 2483 1192 2524 ea
1223 2462 1614 2546 plerumque
1672 2465 1905 2527 melius
1960 2465 2176 2527 solent
2226 2462 2466 2526 recoli:
2512 2483 2641 2544 que
2690 2472 2870 2544 post-

461 2549 735 2611 modum
826 2549 1154 2632 contingit
1242 2549 1512 2614 audire]
1648 2551 1897 2614 Sensus
1992 2572 2149 2634 ergo
2252 2550 2642 2633 allegoricos
2746 2550 2873 2614 sub

460 2635 787 2700 breuitate
847 2638 1389 2701 transcurrimus:
1464 2648 1535 2701 vt
1597 2639 1683 2701 ad
1747 2638 2136 2702 moralitatis
2199 2639 2618 2701 latitudinem
2681 2639 2872 2701 citius

461 2724 681 2787 venire
740 2722 1101 2786 valeamus·
1224 2725 1454 2787 Homo
1513 2725 1788 2807 quidam
1849 2737 1990 2789 erat
2052 2727 2278 2789 diues:
2355 2735 2421 2788 et
2476 2725 2875 2789 induebatur

464 2830 754 2894 purpura
799 2821 865 2874 et
927 2810 1166 2891 bysso:
1234 2822 1301 2875 et
1362 2812 1759 2936 epulabatur
1818 2813 2116 2894 quotidie
2176 2813 2540 2895 splendide.
2651 2812 2871 2900 Quem

464 2898 696 2960 fratres
746 2896 1154 2961 charissimi:
1201 2918 1399 2980 quem
1458 2899 1645 2961 diues
1701 2901 1822 2963 iste
1876 2902 1988 2981 qui
2044 2901 2444 2963 induebatur
2488 2920 2777 2982 purpura
2808 2908 2876 2961 et

462 2984 666 3065 bysso
697 2993 765 3047 et
794 2985 1189 3068 epulabatur
1239 2986 1535 3066 quotidie
1583 2987 1971 3069 splendide:
2020 2989 2142 3050 nisi
2177 2988 2504 3050 iudaicum
2551 2985 2872 3068 populum

465 3071 841 3153 significat?
888 3072 999 3154 qui
1055 3072 1305 3135 cultum
1354 3075 1487 3136 vite
1540 3075 1835 3137 exterius
1885 3074 2133 3150 habuit,
2178 3076 2333 3155 quia
2386 3086 2656 3156 accepte
2712 3074 2880 3155 legis

466 3158 727 3240 delitijs,
782 3159 866 3222 ad
923 3160 1204 3222 nitorem
1259 3181 1412 3223 vsus
1462 3170 1561 3223 est
1611 3162 1818 3242 glorie
1874 3181 2004 3223 non
2057 3162 2143 3223 ad
2192 3162 2560 3224 vtilitatem.
2653 3160 2874 3243 Quem

465 3266 622 3308 vero
657 3246 944 3309 Lasarus
976 3246 1299 3309 vlceribus
1332 3246 1605 3328 plenus:
1654 3249 1775 3310 nisi
1808 3248 2124 3330 gentilem
2160 3249 2479 3330 populum
2517 3247 2878 3329 figuraliter

468 3334 835 3415 exprimit?
898 3334 1009 3414 qui
1064 3335 1220 3396 dum
1285 3355 1642 3397 conuersus
1692 3335 1777 3397 ad
1827 3338 2028 3398 deum
2085 3345 2362 3418 peccata
2411 3356 2529 3398 sua
2579 3334 2876 3398 confiteri

471 3441 604 3482 non
658 3420 957 3484 erubuit:
1002 3420 1155 3483 huic
1203 3421 1444 3484 vulnus
1497 3422 1561 3484 in
1617 3432 1768 3485 cute
1819 3422 1957 3499 fuit,
2015 3423 2092 3485 In
2144 3423 2315 3485 cutis
2363 3424 2612 3505 quippe
2664 3422 2880 3485 vlcere

469 3505 673 3570 virus⁹
724 3529 763 3570 a
818 3509 1174 3570 visceribus
1223 3509 1519 3584 trahitur,
1570 3518 1638 3571 et
1693 3508 1866 3571 foras
1927 3511 2231 3592 erumpit.
2341 3509 2521 3591 Quid
2571 3530 2730 3592 ergo
2779 3519 2880 3572 est

470 3592 947 3675 peccatorum¹⁰
963 3595 1305 3671 consessi0‚
1331 3596 1456 3658 nisi
1487 3598 1775 3677 quedam
1803 3596 2091 3659 vlcerum
2128 3598 2392 3679 ruptio?
2439 3598 2593 3678 quia
2627 3595 2880 3678 peccati

470 3681 647 3744 virus
679 3681 1027 3806 spllubriter
1055 3683 1345 3763 aperitur
1376 3683 1440 3744 in
1474 3683 1923 3746 confessione:
1969 3684 2148 3765 quod
2192 3684 2498 3767 pestifere
2533 3684 2782 3747 latebat
2816 3685 2879 3746 in

468 3778 707 3832 mente.

1560 3906 1804 3970 Gratia.

492 4019 805 4148 PResta
837 4018 1027 4080 nobis
1075 4039 1432 4099 quesumus
1475 4018 1746 4082 domine
1778 4020 2098 4084 auxilium
2135 4022 2347 4102 gratie
2379 4032 2490 4083 tue
2522 4032 2592 4084 vt
2626 4020 2883 4102 ieiunijs

635 4116 702 4167 et
752 4106 1157 4168 orationibus
1205 4107 1679 4169 conuenienter
1727 4108 2004 4171 intenti:
2054 4108 2405 4171 liberemur
2450 4108 2537 4170 ab
2584 4108 2888 4170 hostibus

477 4194 717 4255 mentis
748 4201 815 4254 et
846 4194 1153 4274 corporis,
1248 4194 1372 4255 Per
1407 4194 1774 4270 dominum,
1805 4205 1925 4257 ete.

573 4334 595 4431 Ξ
628 4338 728 4411 [xy.
765 4337 985 4398 17—xvi.
1022 4339 1122 4399 11.]
1491 4336 1518 4431 ²5
1547 4338 1743 4414 Cau-16.
1774 4341 1831 4387 in
1857 4357 1920 4389 m.
2364 4337 2386 4433 ἓ
2416 4356 2508 4388 om.
2539 4339 2617 4388 66.

574 4465 595 4498 -ι
628 4418 821 4518 Ξὲᾈῗῑές
859 4403 938 4530 {31
967 4481 1044 4527 41.
1497 4467 1518 4497 s
1550 4404 1892 4582 {3¹:³3¹5‘333.⁶⁶·
2360 4468 2382 4499 ι»
2414 4404 2768 4520 ἰξῑζςῗὶᾶὀ·

576 4530 616 4562 ¹⁰
649 4542 874 4597 peccato!
901 4551 913 4581 τ
950 4532 1027 4596 38·
1491 4532 1528 4563 ¹¹
1600 4535 1839 4584 liserere:
1879 4546 1954 4599 50.
1983 4537 2094 4584 add.
2119 4535 2197 4599 63.
