3293 5225
263 495 397 543 Mm.
433 493 503 554 1.]
542 493 595 542 S.
635 492 934 543 PETRUS
963 492 1321 541 MARTYR:
1364 491 1460 541 ss,
1497 492 1904 543 PHILIPPUS·
1934 492 2045 541 ET
2069 492 2406 543 IACOBUS.
2576 503 2668 554 277

266 646 578 710 calendas
627 645 811 726 Maij.
925 644 1225 727 Quorum
1273 646 1640 708 occisorum
1689 665 1964 728 corpora
2011 646 2266 710 ‚xxxvi
2298 645 2439 709 dies
2484 645 2665 709 iussu

264 735 561 797 eiusdem
623 735 966 796 iacuerunt
1024 730 1372 815 insepulta,
1432 734 1646 796 donec
1725 732 2080 796 Marcellus
2155 733 2539 796 admonitus
2600 732 2665 794 in

264 820 541 901 somnijs
590 841 630 882 a
679 822 878 883 beato
935 821 1148 894 Petr0,
1192 821 1428 882 eadem
1483 818 1783 882 condidit
1839 820 1903 881 in
1952 821 2305 883 cemeterio
2363 819 2667 885 Priscille.

268 907 461 972 Sedit
490 917 713 970 autem
751 906 1177 969 Marcellinus
1207 927 1419 969 annos
1450 907 1558 971 jx.
1591 926 1853 969 menses
1884 906 1965 988 .ij.
1997 906 2139 970 dies
2170 907 2324 988 .xvj.

483 1050 548 1120 (Ι
594 1044 836 1106 Petrus
867 1054 1125 1125 martyr
1148 1043 1400 1106 ordinis
1413 1043 1940 1126 predzkatorum}
2031 1045 2242 1108 Lectio
2273 1043 2480 1108 tertia.

284 1158 596 1288 PEtrus
628 1165 881 1237 martyr
928 1157 1141 1239 patria
1174 1156 1581 1219 Veronensis
1613 1157 1863 1219 ordinis
1906 1155 2412 1239 predicatorum,
2443 1158 2677 1220 doctor

419 1245 709 1308 eximius
740 1254 807 1306 et
838 1243 1163 1307 catholice
1210 1243 1362 1305 fidei
1409 1243 1767 1306 acerrimus
1802 1243 2127 1320 defensor,
2160 1254 2479 1326 tanquam
2528 1265 2675 1307 rosa

271 1333 356 1396 de
409 1332 618 1414 spinis
670 1342 853 1394 ortus
907 1340 1026 1406 est,
1077 1332 1460 1413 parentibus
1514 1331 1820 1394 hereticis
1870 1331 2303 1395 hereticorum
2363 1332 2680 1394 mirabilis

273 1421 645 1483 insectator.
740 1419 976 1500 Itaque
1008 1427 1075 1479 et
1108 1419 1172 1479 in
1205 1417 1654 1480 adolescentia
1696 1439 1815 1480 sua
1864 1419 2207 1495 mundum,
2239 1429 2675 1501 parentesque

275 1507 653 1588 relinquens
698 1505 998 1568 ordinem
1047 1506 1536 1587 predicatorum
1584 1507 1918 1586 ingressus
1963 1515 2081 1582 est,
2113 1506 2179 1568 in
2225 1526 2359 1588 quo
2407 1508 2678 1588 triginta

275 1595 464 1656 annis
497 1592 896 1655 laudabilem
929 1593 1136 1655 vitam
1171 1591 1501 1674 perduxit.
1578 1592 1750 1656 Cum
1783 1593 1982 1674 igitur
2012 1614 2052 1655 a
2085 1593 2315 1657 Cumis
2348 1594 2677 1675 profectus

281 1679 736 1743 Mediolanum
785 1680 1238 1755 contenderet,
1279 1680 1519 1741 missus
1567 1700 1606 1741 a
1654 1679 1966 1761 pontifice
2012 1689 2242 1742 contra
2291 1681 2681 1743 Manicheos

276 1788 453 1831 anno
487 1767 728 1831 Christi
765 1765 1023 1847 M.cclij.
1055 1767 1250 1829 tertio
1275 1767 1587 1829 calendas
1611 1766 1776 1828 Maii
1808 1766 1894 1829 ab
1926 1766 2230 1829 hereticis
2262 1767 2683 1849 interceptuS,

274 1866 342 1918 et
402 1855 656 1917 occisus
720 1854 1013 1935 martyrij
1079 1874 1389 1916 coronam
1454 1855 1738 1935 adeptus
1798 1863 1916 1917 est.
2043 1853 2199 1935 Quo
2261 1854 2470 1917 multa
2531 1865 2685 1936 post

276 1953 558 2005 mortem
635 1942 875 2004 edente
950 1940 1268 2004 miracula
1343 1940 1606 2022 plurimi
1683 1940 2119 2003 hereticorum
2196 1940 2281 2003 ad
2357 1942 2682 2023 gremium

275 2028 547 2092 ecclesie
623 2030 887 2092 rediere.
1026 2027 1480 2110 Quamobrem
1559 2027 1646 2090 ab
1729 2028 2118 2090 Innocentio
2194 2048 2369 2110 papa
2446 2038 2683 2110 quarto

276 2116 583 2198 catalogo
616 2124 993 2178 sanctorum
1030 2124 1395 2196 martyrum
1430 2124 1788 2177 consecuto
1820 2134 1997 2177 anno
2027 2116 2398 2197 adscriptus
2429 2124 2547 2180 est.

1318 2341 1648 2406 MAIVS.

410 2478 475 2572 §1
524 2473 787 2535 Festum
846 2481 1214 2535 sanctorum
1269 2472 1691 2553 apostolorum
1745 2470 2049 2554 Philippi
2091 2483 2153 2535 et
2196 2473 2414 2536 Iacobi
2460 2473 2694 2554 duplex

281 2580 511 2625 matus,

1203 2678 1271 2749 (I
1316 2673 1439 2735 Ad
1462 2684 1770 2754 vesperas.

290 2873 355 2936 H
405 2786 810 2934 lzlsltlztfplcona.
904 2786 1196 2850 Domine
1227 2785 1507 2849 ostende
1539 2785 1731 2848 nobis
1779 2794 2033 2869 patrem
2089 2796 2158 2848 et
2205 2784 2448 2851 sufficit
2497 2787 2689 2851 nobis

363 2894 402 2935 a
453 2894 489 2935 e
518 2893 639 2936 uia.

1373 3009 1615 3074 Oratio.

299 3122 595 3251 DEuS‚
673 3122 786 3203 qui
862 3143 984 3185 nos
1058 3142 1279 3185 annua
1356 3121 1806 3205 apostolorum
1887 3133 2151 3186 tuorum
2246 3122 2534 3206 Philippi
2622 3133 2691 3187 et

469 3209 692 3271 Iacobi
757 3208 1154 3272 solennitate
1216 3208 1508 3284 letificas
1556 3219 1775 3291 presta
1836 3230 2214 3291 quesumuS,
2274 3220 2347 3273 vt
2408 3230 2687 3294 quorum

284 3294 655 3379 gaudemus
689 3296 957 3373 meritiS,
988 3297 1392 3360 instruamur
1421 3296 1751 3379 exemplis
1786 3320 1797 3358 :
1831 3317 1961 3379 per.

1148 3455 1216 3526 (I
1260 3449 1344 3512 9Ἀ
1355 3450 1409 3513 d
1431 3451 1845 3516 matutinum.

415 3562 816 3645 Antzplwna.
907 3565 1130 3628 Tanto
1162 3573 1463 3646 tempore
1493 3563 1834 3627 vobiscum
1884 3562 2121 3641 suum,3
2154 3574 2219 3627 et
2267 3585 2399 3627 non
2448 3587 2691 3648 cogno-

285 3650 662 3800 tgstlilslmm
730 3650 1029 3734 Philippe
1103 3652 1216 3734 qui
1284 3650 1466 3714 videt
1528 3671 1652 3728 me,
1712 3649 1894 3713 videt
1970 3661 2037 3713 et
2114 3660 2371 3733 patrem
2451 3673 2691 3720 meum.

364 3758 403 3800 a
456 3758 491 3800 e
521 3757 644 3801 uia.

1248 3875 1460 3938 Lectio
1493 3875 1733 3939 tertia*

301 3989 648 4118 IAcobus
701 3987 1042 4071 apostolus
1091 3997 1540 4070 cognomento
1592 3988 1803 4051 iustus
1865 3988 2066 4053 frater
2118 3990 2370 4054 domini
2417 4001 2691 4055 vocatus

406 4076 617 4138 Marie
668 4074 964 4157 Cleophe
1012 4074 1201 4150 filius,
1233 4082 1500 4137 sanctus
1547 4075 1671 4137 fuit
1716 4076 1803 4137 ab
1849 4076 2118 4139 ineunte
2163 4086 2359 4154 etate,
2402 4078 2578 4141 victu
2625 4090 2694 4143 et

284 4162 471 4226 cultu
548 4162 1042 4245 frugalissimus
1177 4161 1311 4244 Qui
1385 4162 1613 4225 statim
1693 4172 1845 4244 post
1920 4163 2163 4227 Christi
2239 4166 2691 4229 ascensionem

290 4249 856 4331 lerosolymorum
879 4249 1228 4332 episcopus
1260 4248 1348 4311 ab
1380 4249 1700 4331 apostolis
1732 4250 2147 4325 constitutus
2165 4271 2313 4313 eam
2348 4252 2693 4316 ecclesiam

286 4338 485 4400 annis
547 4337 820 4417 triginta
879 4355 1141 4398 summa
1201 4356 1352 4398 curn
1418 4335 1612 4399 laude
1675 4338 1863 4400 rexit.
2004 4339 2308 4419 Rogatus
2369 4350 2592 4402 autem
2655 4360 2696 4404 a

388 4488 406 4520 ¹
441 4488 494 4539 di
518 4501 594 4550 29.
625 4490 682 4536 in
706 4505 771 4537 m.
1595 4486 1618 4518 ²
1652 4489 1755 4537 Dt'e
1761 4489 1810 4552 j.
1831 4504 1850 4537 .·
1878 4497 1957 4551 pr.
1987 4488 2064 4551 38.
2089 4498 2182 4539 etc.

389 4553 411 4584 ²³
453 4555 591 4603 Thus
613 4555 716 4603 also
740 4552 819 4615 64.
892 4570 1032 4603 sum:
1069 4566 1147 4616 39.
1179 4570 1333 4616 many
1353 4554 1456 4603 cdd.
1617 4552 1637 4582 ⁴
1669 4553 1752 4603 die
1780 4567 1819 4603 1.
1849 4554 1907 4603 in
1932 4571 1997 4603 m.
2069 4571 2161 4605 om.
2191 4554 2269 4617 38.
2299 4567 2392 4606 etc.
