3293 5225
529 455 623 503 214
814 443 1042 491 FERJA
1080 444 1155 492 Il.
1200 444 1640 492 DOMINJCAE
1673 444 1824 492 XIV.
1869 445 2058 492 POST
2087 441 2651 493 I’ENTECOSTEN.

956 680 1024 750 fl
1061 674 1431 737 Secundum
1465 672 1884 737 Mamaeum}
1977 672 2187 736 Lectio
2214 675 2506 738 secunda.

528 799 724 926 VE
758 798 947 862 vobis
980 800 1192 899 scribe
1224 809 1290 862 et
1326 799 1610 882 pharisei
1644 800 1993 881 hypocrite
2145 798 2547 863 Benedictus
2591 801 2704 882 qui
2756 801 2938 864 venit

710 888 773 948 in
812 907 1090 949 nomine
1117 888 1393 949 domini.

1043 1079 1107 1148 (I
1144 1074 1364 1136 Tertia
1383 1074 1563 1136 lectio
1593 1075 1870 1136 secundu
1877 1096 1941 1136 m
1974 1074 2394 1138 Mattheun1.2

607 1200 665 1262 N
723 1200 833 1261 illo
884 1211 1222 1281 tempore:
1284 1199 1481 1262 Dixit
1538 1199 1723 1261 Iesus
1776 1199 2118 1281 discipulis
2168 1201 2318 1263 suis,
2435 1201 2656 1262 Nemo
2711 1211 2934 1283 potest

645 1286 907 1348 (luobus
940 1286 1228 1348 dominis
1262 1287 1523 1349 seruire.
1618 1287 1710 1348 Et
1743 1286 2038 1368 reliqua.³

1095 1481 1159 1550 (I
1199 1474 1271 1537 H
1269 1475 1495 1537 omilin
1525 1475 1742 1537 sancti
1767 1475 1826 1537 A
1839 1474 2112 1556 mbrosq'j
2131 1476 2406 1556 episcopi.

529 1588 660 1716 N
680 1587 865 1651 Olite
898 1588 1136 1651 soliciti
1162 1607 1307 1649 esse
1337 1588 1560 1649 anime
1591 1596 1808 1649 vestre
1838 1587 1997 1668 quid
2033 1589 2450 1651 manducetis
2480 1612 2493 1650 :
2526 1609 2741 1670 neque
2789 1610 2930 1651 cor-

669 1699 679 1706 ’
725 1675 865 1756 pori
898 1687 1117 1737 vestro
1140 1674 1300 1755 quid
1335 1674 1721 1736 induamini.
1818 1673 2059 1736 Nonne
2100 1675 2324 1737 anima
2374 1674 2522 1757 plus
2573 1687 2675 1739 est
2723 1696 2924 1756 quam

515 1769 716 1825 esca?
805 1774 873 1825 et
904 1782 1144 1843 corpus
1178 1761 1327 1843 plus
1350 1781 1546 1839 quam
1574 1761 2096 1824 vestimentum?
2189 1761 2371 1823 Nihil
2404 1763 2582 1824 enim
2617 1763 2929 1825 moralius

514 1851 597 1911 ad
645 1850 1014 1911 faciendam
1073 1848 1272 1911 fidem
1328 1848 1639 1910 omnibus
1688 1848 2113 1911 credentibus
2145 1868 2185 1910 a
2216 1851 2344 1911 deo
2376 1850 2600 1932 posse*
2630 1850 2927 1922 conferri,

513 1956 714 2017 quam
740 1938 916 2018 quod
942 1956 1172 1998 aereus
1200 1935 1308 1997 ille
1327 1935 1596 2017 spiritus
1619 1934 1820 1997 vitale
1842 1934 2196 2016 collegium
2213 1937 2460 1998 :anime
2499 1938 2926 2019 corporisque

510 2024 948 2086 contubernio
975 2024 1383 2085 sederatum:
1416 2023 1557 2083 sine
1589 2034 1818 2084 nostro
1853 2022 2076 2085 labore
2109 2025 2411 2105 perpetui
2450 2044 2571 2086 nec
2618 2024 2925 2086 salutaris

510 2110 689 2173 vsus⁵
725 2109 972 2173 deficit⁶
1003 2111 1340 2172 alimenti:
1376 2110 1498 2171 nisi
1534 2129 1684 2172 cum
1732 2110 1983 2173 venerit
2029 2130 2341 2192 suprema
2371 2111 2514 2173 dies
2558 2111 2878 2173 moriendi
2911 2136 2923 2173 :

513 2198 683 2261 Cum
721 2199 919 2279 igitur
950 2198 1173 2260 anima
1206 2198 1600 2259 indumento
1631 2197 1924 2277 corporis
1957 2199 2276 2259 vestiatur
2304 2221 2317 2260 :
2351 2209 2422 2262 vt
2450 2199 2678 2281 vigore
2702 2199 2922 2261 anime

510 2306 750 2368 corpus
777 2286 1128 2361 animetur,
1148 2283 1507 2346 absurdum
1532 2293 1633 2345 est
1661 2306 1674 2345 :
1706 2295 1780 2346 vt
1800 2284 2014 2346 victus
2035 2284 2226 2346 nobis
2248 2286 2510 2366 copiam
2545 2285 2926 2348 defuturam

509 2370 934 2455 deputemus7
968 2373 1079 2453 qui
1122 2370 1420 2433 viuendi⁸
1451 2371 1672 2453 iugem
1707 2371 2148 2433 substantiam
2199 2373 2681 2453 consequimur.
2747 2371 2922 2435 Con-

508 2461 794 2522 siderate
832 2459 1108 2541 (inquit)
1151 2457 1447 2520 volatilia
1485 2458 1623 2520 celi.
1720 2457 2047 2539 Magnum
2097 2478 2258 2520 sane
2311 2469 2380 2522 et
2428 2471 2656 2542 aptum
2713 2459 2922 2541 quod⁹

511 2547 640 2610 fide
673 2566 1014 2609 sumamus
1046 2545 1453 2629 exemplum.
1534 2544 1710 2606 Nam
1744 2545 1795 2606 si
1829 2545 2208 2608 volatilibus
2238 2547 2382 2623 celi,
2404 2547 2644 2629 quibus
2669 2546 2920 2609 nullum

510 2636 898 2698 exercitium
923 2634 1252 2709 cultionis,
1274 2632 1491 2695 nullus
1515 2632 1600 2695 de
1622 2635 1938 2695 messium
1965 2633 2370 2697 fecunditate
2391 2646 2752 2716 prouentus
2784 2646 2884 2697 est
2909 2659 2923 2697 :

507 2720 995 2784 indeficientem
1018 2731 1242 2783 tamen
1268 2719 1688 2802 prouidentia
1708 2720 1937 2782 diuina
1958 2721 2229 2802 largitur
2247 2719 2632 2784 alimoniam
2660 2745 2672 2784 :
2695 2742 2921 2784 verum

506 2825 606 2871 est
646 2830 916 2872 causam
950 2807 1171 2890 inopie
1205 2816 1426 2871 nostre
1458 2807 1810 2869 auaritiam
1844 2808 2063 2871 videri.
2159 2808 2430 2870 Etenim
2480 2807 2657 2871 illis¹⁰
2687 2809 2922 2871 iccirco

505 2897 645 2959 sine
680 2895 902 2959 labore
935 2895 1160 2977 pabuli
1194 2915 1348 2956 vsus
1380 2894 1707 2956 exuberat
1738 2917 1750 2956 :
1800 2894 1979 2976 quod
2007 2895 2256 2958 fructus
2288 2896 2410 2958 sibi
2443 2894 2919 2958 communenill

506 2984 590 3046 ad
624 3004 844 3047 escam
888 2983 1083 3046 datos
1120 2979 1439 3064 speciali¹2
1469 2981 1764 3063 quodam
1813 2982 2116 3045 nesciunt
2163 2983 2513 3045 vendicare
2560 2982 2925 3046 dominatu.

514 3071 654 3132 Nos
688 3070 1071 3133 communia
1103 3068 1483 3131 amisimus:
1517 3070 1678 3130 dum
1717 3069 1982 3151 propria
2019 3067 2520 3132 vendicamus.¹⁸

1599 3232 1842 3296 Oratio.

637 3358 879 3421 Vstodi
941 3358 1210 3420 domine
1264 3355 1612 3420 ecclesiam
1666 3367 1850 3420 tuam
1908 3357 2380 3440 propitiatione
2436 3369 2756 3441 perpetua
2787 3384 2799 3421 :
2854 3370 2921 3422 et

681 3447 836 3527 quia
869 3446 1011 3507 sine
1043 3455 1108 3508 te
1141 3444 1383 3507 labitur
1413 3444 1706 3506 humana
1740 3445 2131 3521 mortalita3‚
2163 3445 2294 3508 tuis
2339 3465 2602 3527 semper
2650 3445 2920 3527 auxilijs

502 3542 571 3594 et
602 3532 1028 3596 abstrahatur
1058 3554 1096 3594 a
1129 3530 1371 3612 noxiJS,
1403 3542 1470 3594 et
1503 3532 1587 3593 ad
1623 3532 1937 3594 salutaria
1969 3532 2326 3614 dirigatur:
2375 3533 2515 3595 Per.

850 3727 914 3795 (Ι
964 3720 1159 3782 Feria
1191 3720 1275 3800 ,ej
1364 3719 1475 3781 Ex
1488 3719 1706 3801 primo
1737 3718 2063 3802 Regum.¹⁴
2135 3718 2346 3783 'Lectio
2361 3721 2605 3801 prima.

518 3845 704 3977 ET
739 3846 833 3909 ait
869 3844 1091 3907 Dauid
1125 3845 1210 3907 ad
1244 3845 1420 3907 viros
1451 3845 1564 3926 qui
1599 3843 1872 3908 stabant
1904 3866 2127 3909 secum
2278 3845 2491 3922 Vade,
2510 3855 2579 3908 et
2607 3846 2919 3909 dominus

689 3945 909 3997 tecum
945 3933 1048 3993 sit.

602 4124 615 4154 ¹
653 4123 812 4184 [xxiii.
844 4123 1047 4186 25-39.]
1782 4120 1805 4151 ‘²
1837 4122 1925 4172 Ca.
1957 4122 1988 4171 6
2011 4125 2068 4171 in
2094 4139 2157 4172 m.

600 4190 622 4283 ἓ
653 4206 745 4304 ἵζει.
769 4188 882 4316 ‘639
926 4265 984 4312 4¹
1772 4186 2148 4302 ἶιέεὲῗεειὴιβὲὁ
2169 4200 2247 4248 41.
2277 4201 2358 4250 43.
2385 4201 2465 4250 49.
2495 4188 2574 4238 61.
2603 4187 2682 4252 63.
2713 4187 2792 4249 64.
2821 4187 2901 4237 66.

598 4321 618 4352 ⁷
655 4290 914 4385 pute-mus:
954 4289 1030 4381 μ’).
1061 4330 1139 4378 41.
1170 4317 1249 4380 63.
1783 4316 1805 4347 ⁸
1837 4290 2070 4393 videndi:
2107 4333 2187 4379 44.

598 4385 619 4416 ⁸
652 4384 806 4451 quid:
843 4383 922 4431 66.
1760 4382 1799 4412 ¹⁰
1831 4385 1969 4460 ”¹¹95
2007 4396 2086 4459 493
2115 4383 2194 4432 61.
2224 4384 2303 4444 64.

600 4451 634 4481 ¹¹
672 4465 992 4500 communes:
1031 4461 1108 4510 39.
1138 4461 1215 4508 41.
1762 4447 1801 4477 ¹²
1833 4451 2111 4514 spirituali:
2150 4449 2227 4497 61.

598 4517 635 4546 ¹²³
670 4516 745 4565 Te
767 4515 948 4564 deum:
984 4515 1095 4562 add.
1126 4513 1203 4576 63.
1761 4511 1800 4543 ¹⁴
1833 4515 1968 4574 [xvii.
2001 4515 2204 4577 26—37.]
