3293 5225
355 470 474 520 1111..
503 470 578 534 6.]
996 472 1183 523 OCTA
1202 473 1290 522 VA
1326 473 1418 523 SS.
1460 472 1701 521 PETRI
1727 471 1841 521 ET
1866 472 1958 521 PA
1973 472 2112 523 ULI.
2674 482 2771 531 299

353 644 728 688 sermonem
779 646 972 689 suum
1022 626 1295 708 spiritus
1348 636 1659 689 sanctus:
1725 645 1844 688 nec
1891 644 2183 706 vnquam
2231 623 2657 699 obliuiscitur,
2698 631 2766 685 et

355 711 700 794 prophetie
750 733 880 775 non
945 712 1161 776 solum
1218 732 1435 776 rerum
1491 712 1911 794 complentur
1962 711 2330 774 miraculis:
2398 710 2514 774 sed
2561 711 2764 774 etiam

354 800 759 881 proprietate
790 800 1158 873 verborum.
1192 801 1340 882 quis
1371 809 1474 862 est
1505 802 1627 864 iste
1659 799 1908 863 fructus
1938 799 2187 861 ventris
2218 799 2341 861 nisi
2376 798 2487 861 ille
2517 799 2601 861 de
2632 817 2767 878 quo

354 886 606 948 dictum
658 897 758 949 est
812 887 989 951 Ecce
1037 887 1372 951 hereditas
1425 887 1699 950 Domini
1750 885 1864 968 filij
1913 906 2164 949 merces
2197 885 2445 949 fructus
2501 885 2768 948 ventris,

359 972 507 1036 Hec
538 973 871 1036 hereditas
907 975 1161 1037 domini
1195 974 1309 1056 filij
1343 985 1517 1050 sunt,
1548 974 1662 1056 qui
1695 993 1946 1037 merces
1978 984 2133 1036 sunt
2166 971 2415 1036 fructus
2447 971 2619 1034 illius
2651 972 2765 1053 qui

353 1062 439 1123 de
491 1060 705 1124 Marie
751 1071 980 1124 ventre
1034 1063 1370 1143 processit.
1468 1062 1618 1144 Ipse
1666 1060 1914 1123 fructus
1945 1061 2194 1122 ventris
2225 1072 2327 1124 est
2358 1059 2479 1123 flos
2512 1059 2768 1132 radiciS,

353 1147 438 1209 de
483 1168 618 1229 quo
665 1149 832 1212 bene
876 1149 1305 1231 prophetauit
1353 1149 1588 1211 Esaias
1634 1147 1879 1211 dicenS.
1973 1147 2177 1210 Exiet
2207 1148 2393 1229 virga
2429 1149 2513 1209 de
2547 1148 2767 1210 radice

362 1233 560 1311 Iesse,
634 1245 701 1297 et
779 1234 902 1298 flos
979 1238 1064 1299 de
1138 1237 1358 1298 radice
1434 1236 1576 1298 eius
1652 1236 1984 1298 ascendet.
2106 1234 2332 1298 Radix
2406 1235 2584 1298 enim
2661 1240 2764 1295 est

353 1321 606 1384 familia
642 1321 1032 1386 Iudeorum:
1094 1325 1280 1405 virga
1329 1323 1562 1398 Maria,
1594 1321 1717 1384 flos
1767 1322 1980 1384 Marie
2026 1320 2362 1385 Christus:
2410 1322 2522 1403 qui
2560 1318 2766 1382 veluti

356 1407 530 1471 bone
574 1410 826 1472 arboris
875 1409 1124 1473 fructus
1170 1420 1392 1474 nostre
1424 1409 1684 1472 virtutis
1716 1411 2059 1490 processu:
2109 1428 2283 1471 nunc
2316 1407 2543 1470 floret:
2590 1426 2763 1469 nunc

358 1492 706 1559 fructificat
804 1497 869 1558 in
968 1496 1156 1559 nobis
1253 1517 1425 1559 nunc
1518 1497 1814 1560 rediuiua
1912 1496 2203 1577 corporis
2291 1494 2764 1557 resurrectione

356 1594 714 1664 reparatur.
808 1583 898 1646 Et
941 1583 1117 1646 vnde
1164 1585 1289 1646 hoc
1338 1584 1537 1646 mihi:
1598 1595 1670 1646 vt
1716 1584 1939 1645 veniat
1986 1592 2199 1646 mater
2228 1582 2482 1646 domini
2517 1582 2645 1643 mei
2678 1580 2765 1643 ad

358 1675 511 1731 me?
603 1670 757 1733 Non
804 1672 993 1751 quasi
1042 1672 1355 1752 ignorans
1398 1671 1574 1734 dicit.
1669 1669 1809 1734 Scit
1855 1671 2033 1733 enim
2080 1690 2225 1732 esse
2254 1670 2521 1753 spiritus
2553 1667 2765 1730 sancti

353 1757 635 1837 gratiam
681 1767 748 1821 et
793 1759 1249 1840 operationem
1282 1768 1353 1820 vt
1401 1768 1613 1821 mater
1660 1757 1983 1838 prophete
2028 1779 2068 1819 a
2116 1768 2329 1820 matre
2376 1756 2646 1819 Domini
2680 1755 2765 1818 ad

355 1841 722 1924 profectum
785 1847 885 1907 sui
950 1844 1245 1928 pignoris
1305 1844 1627 1908 salutetur
1685 1844 1803 1907 sed
1867 1845 2056 1925 quasi
2118 1844 2243 1907 hoc
2306 1864 2437 1906 non
2491 1843 2766 1906 humani

355 1930 570 1993 meriti
599 1955 612 1994 :
658 1930 772 1994 sed
807 1932 1031 1995 diuine
1061 1933 1272 2015 gratie
1306 1952 1544 1994 munus
1575 1953 1720 1995 esse
1751 1942 2128 2013 cognoscat.

456 2105 589 2168 Die
618 2105 718 2170 .v.¹
748 2107 826 2169 de
853 2116 1079 2170 octaua
1129 2107 1192 2170 V
1185 2107 1540 2170 avitationis
1567 2128 1646 2169 ex
1672 2105 1891 2169 eadem
1922 2105 2213 2170 homelia.
2305 2105 2516 2168 Lectio
2547 2106 2657 2186 jis.

519 2228 629 2293 On
684 2231 929 2294 vsitata
989 2231 1110 2294 hec
1171 2230 1390 2294 officia
1442 2230 1836 2293 seminarum
1901 2241 2090 2293 sunt:
2166 2240 2238 2294 vt
2284 2230 2505 2293 veniat
2558 2240 2770 2292 mater

549 2317 822 2380 Domini
950 2319 1079 2380 mei
1200 2317 1286 2381 ad
1399 2339 1521 2382 me.
1638 2316 2035 2380 Miraculum
2127 2318 2344 2380 sentio
2432 2336 2768 2397 cognosco

353 2405 782 2484 mysterium:
849 2415 1060 2468 mater
1108 2405 1382 2468 Domini
1430 2405 1633 2467 verbo
1681 2404 1849 2468 seta:
1915 2404 2062 2466 Deo
2109 2403 2307 2486 plena
2352 2402 2497 2466 est.2
2591 2403 2765 2465 Ecce

353 2490 530 2553 enim
562 2511 636 2554 vt
682 2490 857 2554 sacta
902 2502 1003 2556 est
1033 2513 1168 2555 vox
1216 2492 1635 2555 salutationis
1678 2503 1791 2554 tue
1823 2491 1886 2553 in
1921 2490 2190 2554 auribus
2223 2491 2403 2567 meiS,
2432 2490 2766 2553 exultauit

355 2575 420 2640 in
467 2577 718 2661 gaudio
766 2578 982 2642 infans
1030 2579 1093 2641 in
1138 2589 1324 2644 vtero
1371 2599 1539 2655 me0,
1580 2589 1646 2643 et
1695 2578 1890 2642 beata
1936 2597 2066 2659 que
2111 2578 2465 2642 credidisti.
2555 2577 2768 2640 Vides

359 2684 492 2727 non
571 2665 912 2729 dubitasse
974 2667 1260 2730 Mariam
1322 2668 1438 2729 sed
1501 2667 1877 2740 credidisse,
1922 2677 1989 2728 et
2052 2666 2202 2729 ideo
2262 2665 2545 2728 fructum
2610 2664 2765 2728 fidei

351 2765 797 2817 consecutam.
889 2754 1098 2818 Beata
1145 2754 1419 2836 (inquit)
1470 2773 1599 2834 que
1660 2752 2014 2816 credidisti.
2108 2752 2241 2816 Sed
2302 2762 2370 2815 et
2414 2773 2534 2814 vos
2588 2752 2765 2814 beati

349 2839 464 2918 qui
497 2839 845 2904 audiuistis
876 2850 944 2904 et
973 2842 1344 2904 credidistis
1375 2842 1753 2921 quicunque
1785 2839 1963 2903 enim
1997 2840 2349 2903 crediderit
2391 2840 2655 2901 anima:
2697 2849 2766 2901 et

353 2928 659 3009 concepit
711 2938 777 2990 et
830 2937 1103 3008 generat
1152 2928 1259 2991 dei
1301 2927 1576 2990 verbum
1622 2938 1692 2990 et
1736 2947 1939 3009 opera
1981 2928 2120 2990 eius
2153 2926 2471 3009 agnoscit.
2563 2924 2667 2988 Sit
2700 2926 2764 2987 in

349 3012 630 3094 singulis
680 3014 891 3077 Marie
939 3014 1164 3078 anima
1204 3026 1277 3079 vt
1333 3013 1712 3097 magnificet
1761 3014 2129 3077 dominum.
2222 3013 2325 3078 Sit
2372 3015 2437 3076 in
2486 3013 2766 3095 singulis

356 3099 568 3162 Marie
613 3102 896 3183 spiritus,
931 3112 1002 3164 vt
1047 3102 1305 3165 exultet
1349 3102 1416 3164 in
1449 3103 1742 3165 domino.
1835 3101 1906 3165 Si
1938 3100 2303 3164 secundum
2337 3120 2601 3162 carnem
2634 3119 2765 3162 vna

353 3196 569 3251 mater
616 3199 716 3251 est
771 3187 1013 3253 Christi
1068 3188 1433 3252 secundum
1498 3188 1699 3252 fidem
1749 3198 1975 3252 tamen
2024 3189 2322 3250 omnium
2371 3188 2618 3250 fructus
2662 3196 2764 3249 est

355 3273 656 3338 Christus
721 3275 923 3339 Iesus,
1014 3275 1273 3352 Omnis,
1318 3276 1517 3352 enim,
1562 3276 2107 3357 animaaccepit
2167 3274 2271 3337 dei
2319 3274 2634 3337 verbum:
2709 3272 2763 3335 si

350 3370 575 3424 tamen
613 3362 1038 3426 immaculata
1069 3374 1136 3426 et
1168 3363 1483 3426 immunis
1516 3383 1556 3425 a
1586 3364 1783 3445 vitijs,
1814 3372 1882 3426 et
1914 3363 2309 3426 intemerato
2342 3360 2593 3444 pudore
2624 3361 2766 3423 eius

348 3450 814 3512 castimoniam
847 3451 1225 3513 custodiuit.

408 3566 476 3637 (Ι
520 3562 736 3624 Hodie
781 3573 1029 3643 vespere
1072 3563 1383 3625 derantur
1423 3563 1501 3626 de
1529 3574 1755 3625 octaua
1785 3562 2228 3643 apostolorum.
2318 3560 2415 3623 Et
2443 3581 2567 3623 non
2581 3559 2677 3641 fit

465 3649 973 3711 commemoratio
1002 3649 1081 3711 de
1108 3650 1481 3713 visitatione
1511 3651 1580 3712 in
1611 3650 1720 3712 his
1749 3649 2042 3731 vespen‘S,
2075 3670 2185 3710 nec
2211 3648 2315 3710 die
2344 3648 2645 3710 crastina.

479 3758 562 3821 H
544 3758 831 3841 ynmus,³
918 3761 1022 3823 De
1048 3762 1376 3823 communi
1396 3761 1838 3842 apostolorum.

478 3846 876 3927 Antiplzona.
970 3848 1200 3911 Petrus
1245 3847 1622 3930 apostolus:
1667 3858 1734 3911 et
1770 3847 2013 3910 Paulus
2043 3846 2278 3910 doctor
2307 3846 2605 3928 gentium
2642 3845 2766 3927 ipsi

346 3932 496 3995 νος*
525 3933 892 3997 docuerunt
924 3934 1137 4018 legem
1172 3945 1357 3998 tuam
1389 3935 1678 3998 domine.

1440 4113 1685 4177 Oratio.

501 4225 641 4287 Eus
689 4225 877 4287 cuius
920 4226 1199 4289 dextera
1245 4226 1517 4290 beatum
1552 4226 1823 4291 Petrum
1855 4225 2314 4289 ambulantem
2357 4225 2422 4287 in
2458 4223 2766 4288 fluctibus

528 4332 610 4374 ne
675 4323 1079 4395 mergeretur
1122 4313 1374 4376 erexit:
1433 4323 1501 4376 et
1565 4312 2024 4397 coapostolum
2069 4312 2211 4376 eius
2259 4312 2538 4375 Paulum
2571 4313 2769 4375 tertio

447 4470 465 4501 ¹
498 4472 580 4523 die
606 4483 650 4536 5.
680 4475 737 4522 in
762 4490 827 4523 m.
1159 4473 1182 4505 2
1215 4491 1303 4526 es:
1341 4488 1418 4539 39.
1448 4488 1526 4536 41·
1862 4472 1884 4506 ³
1916 4475 2122 4537 Hymni
2134 4488 2154 4523 .·
2186 4472 2264 4538 38.
2337 4474 2409 4539 [p.
2440 4475 2584 4537 375.]

442 4536 465 4566 ⁴
498 4553 620 4589 nos:
658 4537 737 4603 38.
764 4548 859 4590 etc.
