<?xml version="1.0" encoding="UTF-8"?>
<!DOCTYPE html PUBLIC "-//W3C//DTD XHTML 1.0 Transitional//EN"
    "http://www.w3.org/TR/xhtml1/DTD/xhtml1-transitional.dtd">
<html xmlns="http://www.w3.org/1999/xhtml" xml:lang="en" lang="en">
 <head>
  <title>
</title>
<meta http-equiv="Content-Type" content="text/html;charset=utf-8" />
  <meta name='ocr-system' content='tesseract 3.04.00' />
  <meta name='ocr-capabilities' content='ocr_page ocr_carea ocr_par ocr_line ocrx_word'/>
</head>
<body>
  <div class='ocr_page' id='page_1' title='image "./secondrecension00legggoog_0109.png"; bbox 0 0 3293 5225; ppageno 0'>
   <div class='ocr_carea' id='block_1_1' title="bbox 905 485 2670 549">
    <p class='ocr_par' dir='ltr' id='par_1_1' title="bbox 905 485 2670 549">
     <span class='ocr_line' id='line_1_1' title="bbox 905 485 2670 549; baseline 0.007 -14"><span class='ocrx_word' id='word_1_1' title='bbox 905 485 1288 536; x_wconf 77' lang='lat' dir='ltr'><em>DOMJNJCA</em></span> <span class='ocrx_word' id='word_1_2' title='bbox 1325 486 1567 535; x_wconf 85' lang='lat' dir='ltr'><em>PRIMA</em></span> <span class='ocrx_word' id='word_1_3' title='bbox 1605 485 1716 534; x_wconf 82' lang='lat' dir='ltr'><em>AD</em></span> <span class='ocrx_word' id='word_1_4' title='bbox 1731 485 2040 537; x_wconf 85' lang='lat' dir='ltr'><em>VENTUS.</em></span> <span class='ocrx_word' id='word_1_5' title='bbox 2470 539 2475 545; x_wconf 92' lang='lat'><em>.</em></span> <span class='ocrx_word' id='word_1_6' title='bbox 2608 495 2670 549; x_wconf 83' lang='lat'><em>35</em></span> 
     </span>
    </p>
   </div>
   <div class='ocr_carea' id='block_1_2' title="bbox 255 638 2673 1330">
    <p class='ocr_par' dir='ltr' id='par_1_2' title="bbox 268 638 2671 807">
     <span class='ocr_line' id='line_1_2' title="bbox 275 638 2671 723; baseline 0 -23"><span class='ocrx_word' id='word_1_7' title='bbox 275 659 398 700; x_wconf 89' lang='lat' dir='ltr'><em>num</em></span> <span class='ocrx_word' id='word_1_8' title='bbox 444 659 641 723; x_wconf 86' lang='lat' dir='ltr'><em>vsque</em></span> <span class='ocrx_word' id='word_1_9' title='bbox 685 639 784 701; x_wconf 90' lang='lat' dir='ltr'><em>ad</em></span> <span class='ocrx_word' id='word_1_10' title='bbox 822 638 1208 702; x_wconf 83' lang='lat' dir='ltr'><em>dominicam</em></span> <span class='ocrx_word' id='word_1_11' title='bbox 1259 638 1520 702; x_wconf 84' lang='lat' dir='ltr'><em>tertiam</em></span> <span class='ocrx_word' id='word_1_12' title='bbox 1571 639 1894 702; x_wconf 89' lang='lat' dir='ltr'><em>aduentus</em></span> <span class='ocrx_word' id='word_1_13' title='bbox 1921 638 2236 701; x_wconf 82' lang='lat' dir='ltr'><em>exclusiue</em></span> <span class='ocrx_word' id='word_1_14' title='bbox 2281 639 2541 721; x_wconf 88' lang='lat' dir='ltr'><em>quando</em></span> <span class='ocrx_word' id='word_1_15' title='bbox 2573 638 2671 721; x_wconf 86' lang='lat' dir='ltr'><em>fit</em></span> 
     </span>
     <span class='ocr_line' id='line_1_3' title="bbox 268 724 1333 807; baseline 0.002 -21"><span class='ocrx_word' id='word_1_16' title='bbox 268 724 505 807; x_wconf 86' lang='lat' dir='ltr'><em>officium</em></span> <span class='ocrx_word' id='word_1_17' title='bbox 537 727 616 789; x_wconf 89' lang='lat' dir='ltr'><em>de</em></span> <span class='ocrx_word' id='word_1_18' title='bbox 643 727 963 789; x_wconf 90' lang='lat' dir='ltr'><em>dominica</em></span> <span class='ocrx_word' id='word_1_19' title='bbox 992 724 1116 788; x_wconf 86' lang='lat' dir='ltr'><em>vel¹</em></span> <span class='ocrx_word' id='word_1_20' title='bbox 1126 727 1333 806; x_wconf 89' lang='lat' dir='ltr'><em>seria.</em></span> 
     </span>
    </p>

    <p class='ocr_par' dir='ltr' id='par_1_3' title="bbox 255 813 2673 1330">
     <span class='ocr_line' id='line_1_4' title="bbox 374 813 2658 894; baseline -0.001 -18"><span class='ocrx_word' id='word_1_21' title='bbox 374 819 433 889; x_wconf 72' lang='grc' dir='ltr'><em>(Ι</em></span> <span class='ocrx_word' id='word_1_22' title='bbox 476 813 707 876; x_wconf 89' lang='lat' dir='ltr'><em>Finita</em></span> <span class='ocrx_word' id='word_1_23' title='bbox 763 813 1115 894; x_wconf 76' lang='lat' dir='ltr'><em>antiphona</em></span> <span class='ocrx_word' id='word_1_24' title='bbox 1174 813 1418 877; x_wconf 80' lang='lat' dir='ltr'><em>dz&#39;citur</em></span> <span class='ocrx_word' id='word_1_25' title='bbox 1477 814 1673 876; x_wconf 89' lang='lat' dir='ltr'><em>Pater</em></span> <span class='ocrx_word' id='word_1_26' title='bbox 1738 821 1981 887; x_wconf 88' lang='lat' dir='ltr'><em>noster,</em></span> <span class='ocrx_word' id='word_1_27' title='bbox 2041 823 2143 876; x_wconf 91' lang='lat' dir='ltr'><em>etc.</em></span> <span class='ocrx_word' id='word_1_28' title='bbox 2240 813 2329 875; x_wconf 89' lang='lat' dir='ltr'><em>Et</em></span> <span class='ocrx_word' id='word_1_29' title='bbox 2391 833 2475 876; x_wconf 93' lang='lat' dir='ltr'><em>ne</em></span> <span class='ocrx_word' id='word_1_30' title='bbox 2537 833 2658 875; x_wconf 88' lang='lat' dir='ltr'><em>nos</em></span> 
     </span>
     <span class='ocr_line' id='line_1_5' title="bbox 271 899 2666 976; baseline 0.001 -16"><span class='ocrx_word' id='word_1_31' title='bbox 271 899 530 964; x_wconf 82' lang='lat' dir='ltr'><em>inducas,</em></span> <span class='ocrx_word' id='word_1_32' title='bbox 622 899 755 963; x_wconf 87' lang='lat' dir='ltr'><em>Sed</em></span> <span class='ocrx_word' id='word_1_33' title='bbox 809 899 1029 963; x_wconf 83' lang='lat' dir='ltr'><em>libera.</em></span> <span class='ocrx_word' id='word_1_34' title='bbox 1119 900 1374 963; x_wconf 82' lang='lat' dir='ltr'><em>Deinde</em></span> <span class='ocrx_word' id='word_1_35' title='bbox 1419 901 1733 963; x_wconf 90' lang='lat' dir='ltr'><em>dicuntur</em></span> <span class='ocrx_word' id='word_1_36' title='bbox 1777 909 1905 961; x_wconf 89' lang='lat' dir='ltr'><em>tres</em></span> <span class='ocrx_word' id='word_1_37' title='bbox 1950 899 2254 976; x_wconf 86' lang='lat' dir='ltr'><em>lectiones,</em></span> <span class='ocrx_word' id='word_1_38' title='bbox 2301 909 2366 962; x_wconf 91' lang='lat' dir='ltr'><em>et</em></span> <span class='ocrx_word' id='word_1_39' title='bbox 2407 899 2666 963; x_wconf 86' lang='lat' dir='ltr'><em>cuilibet</em></span> 
     </span>
     <span class='ocr_line' id='line_1_6' title="bbox 270 986 2673 1069; baseline 0 -21"><span class='ocrx_word' id='word_1_40' title='bbox 270 1007 461 1049; x_wconf 86' lang='lat' dir='ltr'><em>earum</em></span> <span class='ocrx_word' id='word_1_41' title='bbox 510 987 926 1069; x_wconf 85' lang='lat' dir='ltr'><em>premittitur</em></span> <span class='ocrx_word' id='word_1_42' title='bbox 980 1008 1220 1051; x_wconf 83' lang='lat' dir='ltr'><em>versus.</em></span> <span class='ocrx_word' id='word_1_43' title='bbox 1317 987 1482 1050; x_wconf 93' lang='lat' dir='ltr'><em>Iube</em></span> <span class='ocrx_word' id='word_1_44' title='bbox 1544 986 1820 1050; x_wconf 89' lang='lat' dir='ltr'><em>domine</em></span> <span class='ocrx_word' id='word_1_45' title='bbox 1881 986 2288 1051; x_wconf 88' lang='lat' dir='ltr'><em>benedicere.</em></span> <span class='ocrx_word' id='word_1_46' title='bbox 2423 987 2523 1050; x_wconf 89' lang='lat' dir='ltr'><em>Et</em></span> <span class='ocrx_word' id='word_1_47' title='bbox 2575 987 2673 1049; x_wconf 88' lang='lat' dir='ltr'><em>ad</em></span> 
     </span>
     <span class='ocr_line' id='line_1_7' title="bbox 255 1073 2664 1156; baseline -0 -20"><span class='ocrx_word' id='word_1_48' title='bbox 255 1074 518 1154; x_wconf 81' lang='lat' dir='ltr'><em>primam</em></span> <span class='ocrx_word' id='word_1_49' title='bbox 566 1095 687 1155; x_wconf 89' lang='lat' dir='ltr'><em>que</em></span> <span class='ocrx_word' id='word_1_50' title='bbox 730 1086 977 1156; x_wconf 83' lang='lat' dir='ltr'><em>semper</em></span> <span class='ocrx_word' id='word_1_51' title='bbox 1040 1085 1136 1136; x_wconf 92' lang='lat' dir='ltr'><em>est</em></span> <span class='ocrx_word' id='word_1_52' title='bbox 1185 1074 1417 1137; x_wconf 84' lang='lat' dir='ltr'><em>veteris</em></span> <span class='ocrx_word' id='word_1_53' title='bbox 1465 1073 1844 1150; x_wconf 87' lang='lat' dir='ltr'><em>testamenti,</em></span> <span class='ocrx_word' id='word_1_54' title='bbox 1890 1085 2138 1155; x_wconf 88' lang='lat' dir='ltr'><em>semper</em></span> <span class='ocrx_word' id='word_1_55' title='bbox 2178 1073 2374 1136; x_wconf 89' lang='lat' dir='ltr'><em>etiam</em></span> <span class='ocrx_word' id='word_1_56' title='bbox 2423 1074 2664 1137; x_wconf 72' lang='lat' dir='ltr'><em>dicitur</em></span> 
     </span>
     <span class='ocr_line' id='line_1_8' title="bbox 266 1160 2662 1244; baseline 0.001 -21"><span class='ocrx_word' id='word_1_57' title='bbox 266 1161 589 1225; x_wconf 68' lang='lat' dir='ltr'><em>benedictio.</em></span> <span class='ocrx_word' id='word_1_58' title='bbox 683 1161 869 1224; x_wconf 89' lang='lat' dir='ltr'><em>Deus</em></span> <span class='ocrx_word' id='word_1_59' title='bbox 896 1171 1082 1244; x_wconf 90' lang='lat' dir='ltr'><em>pater</em></span> <span class='ocrx_word' id='word_1_60' title='bbox 1104 1161 1532 1243; x_wconf 88' lang='lat' dir='ltr'><em>omnipotens</em></span> <span class='ocrx_word' id='word_1_61' title='bbox 1557 1162 1643 1225; x_wconf 92' lang='lat' dir='ltr'><em>sit</em></span> <span class='ocrx_word' id='word_1_62' title='bbox 1675 1161 1868 1224; x_wconf 89' lang='lat' dir='ltr'><em>nobis</em></span> <span class='ocrx_word' id='word_1_63' title='bbox 1892 1161 2237 1242; x_wconf 78' lang='lat' dir='ltr'><em>propitiuS,</em></span> <span class='ocrx_word' id='word_1_64' title='bbox 2259 1170 2327 1223; x_wconf 91' lang='lat' dir='ltr'><em>et</em></span> <span class='ocrx_word' id='word_1_65' title='bbox 2350 1160 2662 1226; x_wconf 81' lang='lat' dir='ltr'><em>clemens,</em></span> 
     </span>
     <span class='ocr_line' id='line_1_9' title="bbox 267 1247 1109 1330; baseline 0.001 -21"><span class='ocrx_word' id='word_1_66' title='bbox 267 1247 778 1330; x_wconf 75' lang='lat' dir='ltr'><em>Responson·um.2</em></span> <span class='ocrx_word' id='word_1_67' title='bbox 869 1249 1109 1311; x_wconf 90' lang='lat' dir='ltr'><em>Amen.</em></span> 
     </span>
    </p>
   </div>
   <div class='ocr_carea' id='block_1_3' title="bbox 951 1408 1938 1491">
    <p class='ocr_par' dir='ltr' id='par_1_4' title="bbox 951 1408 1938 1491">
     <span class='ocr_line' id='line_1_10' title="bbox 951 1408 1938 1491; baseline 0.001 -19"><span class='ocrx_word' id='word_1_68' title='bbox 951 1410 1303 1491; x_wconf 86' lang='lat' dir='ltr'><em>Prophetia</em></span> <span class='ocrx_word' id='word_1_69' title='bbox 1332 1409 1521 1475; x_wconf 90' lang='lat' dir='ltr'><em>Isaie.</em></span> <span class='ocrx_word' id='word_1_70' title='bbox 1608 1409 1822 1473; x_wconf 83' lang='lat' dir='ltr'><em>Lectio</em></span> <span class='ocrx_word' id='word_1_71' title='bbox 1852 1408 1938 1477; x_wconf 80' lang='lat' dir='ltr'><em>.i.⁸</em></span> 
     </span>
    </p>
   </div>
   <div class='ocr_carea' id='block_1_4' title="bbox 244 1520 2667 2281">
    <p class='ocr_par' dir='ltr' id='par_1_5' title="bbox 244 1520 2667 2281">
     <span class='ocr_line' id='line_1_11' title="bbox 386 1520 2657 1603; baseline 0 -19"><span class='ocrx_word' id='word_1_72' title='bbox 386 1521 513 1584; x_wconf 88' lang='lat' dir='ltr'><em>Isio</em></span> <span class='ocrx_word' id='word_1_73' title='bbox 567 1522 735 1584; x_wconf 88' lang='lat' dir='ltr'><em>Isaie</em></span> <span class='ocrx_word' id='word_1_74' title='bbox 784 1520 897 1603; x_wconf 87' lang='lat' dir='ltr'><em>filij</em></span> <span class='ocrx_word' id='word_1_75' title='bbox 947 1522 1162 1584; x_wconf 88' lang='lat' dir='ltr'><em>Amos</em></span> <span class='ocrx_word' id='word_1_76' title='bbox 1209 1542 1411 1603; x_wconf 89' lang='lat' dir='ltr'><em>quam</em></span> <span class='ocrx_word' id='word_1_77' title='bbox 1446 1521 1615 1584; x_wconf 86' lang='lat' dir='ltr'><em>vidit</em></span> <span class='ocrx_word' id='word_1_78' title='bbox 1663 1541 1861 1602; x_wconf 91' lang='lat' dir='ltr'><em>super</em></span> <span class='ocrx_word' id='word_1_79' title='bbox 1896 1521 2132 1584; x_wconf 85' lang='lat' dir='ltr'><em>Iudam</em></span> <span class='ocrx_word' id='word_1_80' title='bbox 2180 1531 2248 1585; x_wconf 91' lang='lat' dir='ltr'><em>et</em></span> <span class='ocrx_word' id='word_1_81' title='bbox 2298 1522 2657 1585; x_wconf 84' lang='lat' dir='ltr'><em>Ierusalem</em></span> 
     </span>
     <span class='ocr_line' id='line_1_12' title="bbox 537 1608 2659 1691; baseline 0 -19.949"><span class='ocrx_word' id='word_1_82' title='bbox 537 1609 810 1671; x_wconf 81' lang='lat' dir='ltr'><em>Manus⁴</em></span> <span class='ocrx_word' id='word_1_83' title='bbox 850 1618 1067 1672; x_wconf 84' lang='lat' dir='ltr'><em>vestre</em></span> <span class='ocrx_word' id='word_1_84' title='bbox 1113 1609 1436 1686; x_wconf 81' lang='lat' dir='ltr'><em>sanguine</em></span> <span class='ocrx_word' id='word_1_85' title='bbox 1483 1608 1679 1691; x_wconf 86' lang='lat' dir='ltr'><em>plene</em></span> <span class='ocrx_word' id='word_1_86' title='bbox 1710 1618 1882 1671; x_wconf 90' lang='lat' dir='ltr'><em>sunt.</em></span> <span class='ocrx_word' id='word_1_87' title='bbox 1973 1608 2078 1671; x_wconf 92' lang='lat' dir='ltr'><em>Tu</em></span> <span class='ocrx_word' id='word_1_88' title='bbox 2127 1617 2352 1672; x_wconf 90' lang='lat' dir='ltr'><em>autem</em></span> <span class='ocrx_word' id='word_1_89' title='bbox 2386 1609 2659 1672; x_wconf 89' lang='lat' dir='ltr'><em>domine</em></span> 
     </span>
     <span class='ocr_line' id='line_1_13' title="bbox 258 1694 2667 1778; baseline 0.001 -22"><span class='ocrx_word' id='word_1_90' title='bbox 258 1695 541 1758; x_wconf 88' lang='lat' dir='ltr'><em>miserere</em></span> <span class='ocrx_word' id='word_1_91' title='bbox 574 1697 797 1759; x_wconf 87' lang='lat' dir='ltr'><em>nostri.</em></span> <span class='ocrx_word' id='word_1_92' title='bbox 860 1694 1398 1777; x_wconf 79' lang='lat' dir='ltr'><em>Responsom&#39;um.⁵</em></span> <span class='ocrx_word' id='word_1_93' title='bbox 1469 1696 1618 1758; x_wconf 93' lang='lat' dir='ltr'><em>Deo</em></span> <span class='ocrx_word' id='word_1_94' title='bbox 1650 1696 1913 1778; x_wconf 68' lang='lat' dir='ltr'><em>gratias</em></span> <span class='ocrx_word' id='word_1_95' title='bbox 1987 1695 2086 1758; x_wconf 91' lang='lat' dir='ltr'><em>Et</em></span> <span class='ocrx_word' id='word_1_96' title='bbox 2109 1695 2205 1759; x_wconf 88' lang='lat' dir='ltr'><em>sic</em></span> <span class='ocrx_word' id='word_1_97' title='bbox 2224 1696 2667 1758; x_wconf 86' lang='lat' dir='ltr'><em>terminantur</em></span> 
     </span>
     <span class='ocr_line' id='line_1_14' title="bbox 254 1782 2660 1864; baseline 0.001 -20"><span class='ocrx_word' id='word_1_98' title='bbox 254 1803 446 1844; x_wconf 88' lang='lat' dir='ltr'><em>omnes</em></span> <span class='ocrx_word' id='word_1_99' title='bbox 474 1782 762 1844; x_wconf 82' lang='lat' dir='ltr'><em>lectiones</em></span> <span class='ocrx_word' id='word_1_100' title='bbox 776 1793 903 1863; x_wconf 94' lang='lat' dir='ltr'><em>per</em></span> <span class='ocrx_word' id='word_1_101' title='bbox 928 1793 1129 1845; x_wconf 91' lang='lat' dir='ltr'><em>totum</em></span> <span class='ocrx_word' id='word_1_102' title='bbox 1150 1803 1417 1859; x_wconf 88' lang='lat' dir='ltr'><em>annum,</em></span> <span class='ocrx_word' id='word_1_103' title='bbox 1427 1793 1842 1864; x_wconf 88' lang='lat' dir='ltr'><em>preterquam</em></span> <span class='ocrx_word' id='word_1_104' title='bbox 1874 1782 1943 1844; x_wconf 91' lang='lat' dir='ltr'><em>in</em></span> <span class='ocrx_word' id='word_1_105' title='bbox 1969 1782 2185 1845; x_wconf 79' lang='lat' dir='ltr'><em>tm‘duo</em></span> <span class='ocrx_word' id='word_1_106' title='bbox 2213 1793 2364 1845; x_wconf 90' lang='lat' dir='ltr'><em>ante</em></span> <span class='ocrx_word' id='word_1_107' title='bbox 2385 1783 2660 1848; x_wconf 78' lang='lat' dir='ltr'><em>Pascha.</em></span> 
     </span>
     <span class='ocr_line' id='line_1_15' title="bbox 367 1869 2657 1945; baseline 0.001 -13"><span class='ocrx_word' id='word_1_108' title='bbox 367 1875 429 1945; x_wconf 59' lang='grc' dir='ltr'><em>ΕΙ</em></span> <span class='ocrx_word' id='word_1_109' title='bbox 458 1869 582 1932; x_wconf 84' lang='lat' dir='ltr'><em>Ad</em></span> <span class='ocrx_word' id='word_1_110' title='bbox 613 1869 955 1931; x_wconf 90' lang='lat' dir='ltr'><em>secundam</em></span> <span class='ocrx_word' id='word_1_111' title='bbox 1001 1869 1321 1932; x_wconf 89' lang='lat' dir='ltr'><em>lectionem</em></span> <span class='ocrx_word' id='word_1_112' title='bbox 1428 1871 1507 1934; x_wconf 71' lang='lat' dir='ltr'><em>V.</em></span> <span class='ocrx_word' id='word_1_113' title='bbox 1559 1869 1723 1933; x_wconf 92' lang='lat' dir='ltr'><em>Iube</em></span> <span class='ocrx_word' id='word_1_114' title='bbox 1783 1870 2055 1933; x_wconf 88' lang='lat' dir='ltr'><em>domine</em></span> <span class='ocrx_word' id='word_1_115' title='bbox 2115 1869 2657 1935; x_wconf 84' lang='lat' dir='ltr'><em>benedicereetc.</em></span> 
     </span>
     <span class='ocr_line' id='line_1_16' title="bbox 249 1955 2653 2037; baseline 0.001 -20"><span class='ocrx_word' id='word_1_116' title='bbox 249 1955 609 2021; x_wconf 87' lang='lat' dir='ltr'><em>Benedictio.</em></span> <span class='ocrx_word' id='word_1_117' title='bbox 701 1956 1102 2037; x_wconf 87' lang='lat' dir='ltr'><em>Vnigenitus</em></span> <span class='ocrx_word' id='word_1_118' title='bbox 1162 1957 1268 2020; x_wconf 91' lang='lat' dir='ltr'><em>dei</em></span> <span class='ocrx_word' id='word_1_119' title='bbox 1333 1955 1506 2019; x_wconf 89' lang='lat' dir='ltr'><em>filius</em></span> <span class='ocrx_word' id='word_1_120' title='bbox 1568 1976 1691 2020; x_wconf 92' lang='lat' dir='ltr'><em>nos</em></span> <span class='ocrx_word' id='word_1_121' title='bbox 1753 1956 2147 2020; x_wconf 88' lang='lat' dir='ltr'><em>benedicere</em></span> <span class='ocrx_word' id='word_1_122' title='bbox 2205 1966 2273 2020; x_wconf 92' lang='lat' dir='ltr'><em>et</em></span> <span class='ocrx_word' id='word_1_123' title='bbox 2333 1956 2653 2020; x_wconf 89' lang='lat' dir='ltr'><em>adiuuare</em></span> 
     </span>
     <span class='ocr_line' id='line_1_17' title="bbox 250 2041 2656 2126; baseline 0.001 -22"><span class='ocrx_word' id='word_1_124' title='bbox 250 2043 559 2126; x_wconf 85' lang='lat' dir='ltr'><em>dignetur.</em></span> <span class='ocrx_word' id='word_1_125' title='bbox 648 2043 1191 2125; x_wconf 78' lang='lat' dir='ltr'><em>Responsorium.³</em></span> <span class='ocrx_word' id='word_1_126' title='bbox 1302 2064 1495 2107; x_wconf 89' lang='lat' dir='ltr'><em>amen</em></span> <span class='ocrx_word' id='word_1_127' title='bbox 1503 2041 1544 2108; x_wconf 78' lang='lat'><em>‚⁶</em></span> <span class='ocrx_word' id='word_1_128' title='bbox 1633 2044 1731 2106; x_wconf 88' lang='lat' dir='ltr'><em>Et</em></span> <span class='ocrx_word' id='word_1_129' title='bbox 1786 2044 1896 2106; x_wconf 89' lang='lat' dir='ltr'><em>hec</em></span> <span class='ocrx_word' id='word_1_130' title='bbox 1950 2043 2261 2106; x_wconf 91' lang='lat' dir='ltr'><em>similiter</em></span> <span class='ocrx_word' id='word_1_131' title='bbox 2315 2043 2656 2107; x_wconf 84' lang='lat' dir='ltr'><em>benedictio</em></span> 
     </span>
     <span class='ocr_line' id='line_1_18' title="bbox 245 2130 2661 2213; baseline 0 -21"><span class='ocrx_word' id='word_1_132' title='bbox 245 2130 475 2193; x_wconf 87' lang='lat' dir='ltr'><em>dicitur</em></span> <span class='ocrx_word' id='word_1_133' title='bbox 502 2142 630 2212; x_wconf 93' lang='lat' dir='ltr'><em>per</em></span> <span class='ocrx_word' id='word_1_134' title='bbox 671 2140 874 2193; x_wconf 88' lang='lat' dir='ltr'><em>totum</em></span> <span class='ocrx_word' id='word_1_135' title='bbox 921 2151 1170 2192; x_wconf 85' lang='lat' dir='ltr'><em>annum</em></span> <span class='ocrx_word' id='word_1_136' title='bbox 1218 2131 1317 2192; x_wconf 91' lang='lat' dir='ltr'><em>ad</em></span> <span class='ocrx_word' id='word_1_137' title='bbox 1353 2131 1696 2194; x_wconf 87' lang='lat' dir='ltr'><em>secundam</em></span> <span class='ocrx_word' id='word_1_138' title='bbox 1742 2130 2064 2194; x_wconf 89' lang='lat' dir='ltr'><em>lectionem</em></span> <span class='ocrx_word' id='word_1_139' title='bbox 2109 2151 2230 2212; x_wconf 88' lang='lat' dir='ltr'><em>que</em></span> <span class='ocrx_word' id='word_1_140' title='bbox 2275 2141 2374 2194; x_wconf 91' lang='lat' dir='ltr'><em>est</em></span> <span class='ocrx_word' id='word_1_141' title='bbox 2413 2143 2661 2213; x_wconf 90' lang='lat' dir='ltr'><em>semper</em></span> 
     </span>
     <span class='ocr_line' id='line_1_19' title="bbox 244 2218 794 2281; baseline 0.004 -3"><span class='ocrx_word' id='word_1_142' title='bbox 244 2218 393 2279; x_wconf 88' lang='lat' dir='ltr'><em>noui</em></span> <span class='ocrx_word' id='word_1_143' title='bbox 418 2218 794 2281; x_wconf 87' lang='lat' dir='ltr'><em>testamenti.</em></span> 
     </span>
    </p>
   </div>
   <div class='ocr_carea' id='block_1_5' title="bbox 238 2351 2656 2505">
    <p class='ocr_par' dir='ltr' id='par_1_6' title="bbox 238 2351 2656 2505">
     <span class='ocr_line' id='line_1_20' title="bbox 238 2351 2656 2502; baseline -0 -85"><span class='ocrx_word' id='word_1_144' title='bbox 238 2359 304 2429; x_wconf 70' lang='lat' dir='ltr'><em>(I</em></span> <span class='ocrx_word' id='word_1_145' title='bbox 336 2353 645 2417; x_wconf 81' lang='lat' dir='ltr'><em>Sanctum</em></span> <span class='ocrx_word' id='word_1_146' title='bbox 690 2353 837 2416; x_wconf 89' lang='lat' dir='ltr'><em>Iesu</em></span> <span class='ocrx_word' id='word_1_147' title='bbox 890 2352 1143 2417; x_wconf 80' lang='lat' dir='ltr'><em>Christi</em></span> <span class='ocrx_word' id='word_1_148' title='bbox 1182 2353 1588 2502; x_wconf 55' lang='lat' dir='ltr'><em>euangelitctzgz</em></span> <span class='ocrx_word' id='word_1_149' title='bbox 1655 2353 2000 2416; x_wconf 88' lang='lat' dir='ltr'><em>secundum</em></span> <span class='ocrx_word' id='word_1_150' title='bbox 2065 2351 2357 2419; x_wconf 86' lang='lat' dir='ltr'><em>Lucam.⁷</em></span> <span class='ocrx_word' id='word_1_151' title='bbox 2442 2354 2656 2417; x_wconf 89' lang='lat' dir='ltr'><em>Lectio</em></span> 
     </span>
     <span class='ocr_line' id='line_1_21' title="bbox 1290 2460 1583 2505; baseline 0.014 -4"><span class='ocrx_word' id='word_1_152' title='bbox 1290 2460 1476 2502; x_wconf 91' lang='lat' dir='ltr'><em>secun</em></span> <span class='ocrx_word' id='word_1_153' title='bbox 1568 2491 1583 2505; x_wconf 92' lang='lat'><em>.</em></span> 
     </span>
    </p>
   </div>
   <div class='ocr_carea' id='block_1_6' title="bbox 219 2543 2653 3043">
    <p class='ocr_par' dir='ltr' id='par_1_7' title="bbox 219 2543 2653 3043">
     <span class='ocr_line' id='line_1_22' title="bbox 379 2543 2530 2626; baseline 0.001 -21"><span class='ocrx_word' id='word_1_154' title='bbox 379 2543 663 2606; x_wconf 89' lang='lat' dir='ltr'><em>Voniam</em></span> <span class='ocrx_word' id='word_1_155' title='bbox 712 2543 983 2626; x_wconf 91' lang='lat' dir='ltr'><em>quidem</em></span> <span class='ocrx_word' id='word_1_156' title='bbox 1032 2543 1222 2607; x_wconf 89' lang='lat' dir='ltr'><em>multi</em></span> <span class='ocrx_word' id='word_1_157' title='bbox 1268 2544 1489 2606; x_wconf 89' lang='lat' dir='ltr'><em>conati</em></span> <span class='ocrx_word' id='word_1_158' title='bbox 1528 2553 1685 2606; x_wconf 91' lang='lat' dir='ltr'><em>sunt</em></span> <span class='ocrx_word' id='word_1_159' title='bbox 1729 2543 2036 2606; x_wconf 87' lang='lat' dir='ltr'><em>ordinare</em></span> <span class='ocrx_word' id='word_1_160' title='bbox 2084 2544 2530 2607; x_wconf 85' lang='lat' dir='ltr'><em>narrationem</em></span> 
     </span>
     <span class='ocr_line' id='line_1_23' title="bbox 420 2630 2646 2713; baseline 0.001 -19"><span class='ocrx_word' id='word_1_161' title='bbox 420 2631 674 2694; x_wconf 89' lang='lat' dir='ltr'><em>auferre</em></span> <span class='ocrx_word' id='word_1_162' title='bbox 746 2632 1176 2713; x_wconf 85' lang='lat' dir='ltr'><em>opprobrium</em></span> <span class='ocrx_word' id='word_1_163' title='bbox 1255 2651 1476 2694; x_wconf 89' lang='lat' dir='ltr'><em>meum</em></span> <span class='ocrx_word' id='word_1_164' title='bbox 1554 2631 1727 2695; x_wconf 89' lang='lat' dir='ltr'><em>inter</em></span> <span class='ocrx_word' id='word_1_165' title='bbox 1787 2630 2106 2695; x_wconf 69' lang='lat' dir='ltr'><em>homines</em></span> <span class='ocrx_word' id='word_1_166' title='bbox 2242 2631 2348 2695; x_wconf 92' lang='lat' dir='ltr'><em>Tu</em></span> <span class='ocrx_word' id='word_1_167' title='bbox 2421 2644 2646 2696; x_wconf 91' lang='lat' dir='ltr'><em>autem</em></span> 
     </span>
     <span class='ocr_line' id='line_1_24' title="bbox 228 2717 978 2800; baseline 0.003 -20"><span class='ocrx_word' id='word_1_168' title='bbox 228 2717 499 2782; x_wconf 89' lang='lat' dir='ltr'><em>domine</em></span> <span class='ocrx_word' id='word_1_169' title='bbox 528 2729 632 2781; x_wconf 90' lang='lat' dir='ltr'><em>etc.</em></span> <span class='ocrx_word' id='word_1_170' title='bbox 665 2728 741 2781; x_wconf 80' lang='lat' dir='ltr'><em>vt</em></span> <span class='ocrx_word' id='word_1_171' title='bbox 763 2728 978 2800; x_wconf 88' lang='lat' dir='ltr'><em>supra.</em></span> 
     </span>
     <span class='ocr_line' id='line_1_25' title="bbox 359 2804 2653 2888; baseline 0 -19"><span class='ocrx_word' id='word_1_172' title='bbox 359 2812 423 2881; x_wconf 69' lang='grc' dir='ltr'><em>(Ι</em></span> <span class='ocrx_word' id='word_1_173' title='bbox 455 2806 579 2869; x_wconf 84' lang='lat' dir='ltr'><em>Ad</em></span> <span class='ocrx_word' id='word_1_174' title='bbox 598 2805 712 2888; x_wconf 62' lang='lat' dir='ltr'><em>,iifl</em></span> <span class='ocrx_word' id='word_1_175' title='bbox 745 2805 1065 2868; x_wconf 88' lang='lat' dir='ltr'><em>lectionem</em></span> <span class='ocrx_word' id='word_1_176' title='bbox 1095 2806 1173 2868; x_wconf 73' lang='lat' dir='ltr'><em>V.</em></span> <span class='ocrx_word' id='word_1_177' title='bbox 1254 2805 1418 2869; x_wconf 91' lang='lat' dir='ltr'><em>Iube</em></span> <span class='ocrx_word' id='word_1_178' title='bbox 1448 2804 1721 2867; x_wconf 89' lang='lat' dir='ltr'><em>domine</em></span> <span class='ocrx_word' id='word_1_179' title='bbox 1751 2815 1856 2867; x_wconf 91' lang='lat' dir='ltr'><em>etc.</em></span> <span class='ocrx_word' id='word_1_180' title='bbox 1922 2804 2301 2870; x_wconf 78' lang='lat' dir='ltr'><em>Benedictio,</em></span> <span class='ocrx_word' id='word_1_181' title='bbox 2364 2804 2653 2888; x_wconf 89' lang='lat' dir='ltr'><em>Spiritus</em></span> 
     </span>
     <span class='ocr_line' id='line_1_26' title="bbox 223 2892 2652 2975; baseline 0.001 -21"><span class='ocrx_word' id='word_1_182' title='bbox 223 2894 439 2955; x_wconf 79' lang='lat' dir='ltr'><em>sancti</em></span> <span class='ocrx_word' id='word_1_183' title='bbox 484 2894 697 2973; x_wconf 88' lang='lat' dir='ltr'><em>gratia</em></span> <span class='ocrx_word' id='word_1_184' title='bbox 744 2892 1071 2956; x_wconf 89' lang='lat' dir='ltr'><em>illuminet</em></span> <span class='ocrx_word' id='word_1_185' title='bbox 1112 2912 1368 2969; x_wconf 77' lang='lat' dir='ltr'><em>sensuS,</em></span> <span class='ocrx_word' id='word_1_186' title='bbox 1415 2901 1482 2954; x_wconf 91' lang='lat' dir='ltr'><em>et</em></span> <span class='ocrx_word' id='word_1_187' title='bbox 1526 2893 1730 2955; x_wconf 89' lang='lat' dir='ltr'><em>corda</em></span> <span class='ocrx_word' id='word_1_188' title='bbox 1777 2900 2019 2955; x_wconf 87' lang='lat' dir='ltr'><em>nostra.</em></span> <span class='ocrx_word' id='word_1_189' title='bbox 2109 2892 2652 2975; x_wconf 58' lang='lat' dir='ltr'><em>Responsorium.⁸⁵</em></span> 
     </span>
     <span class='ocr_line' id='line_1_27' title="bbox 219 2980 465 3043; baseline 0.008 -2"><span class='ocrx_word' id='word_1_190' title='bbox 219 2980 465 3043; x_wconf 84' lang='lat' dir='ltr'><em>Amen.</em></span> 
     </span>
    </p>
   </div>
   <div class='ocr_carea' id='block_1_7' title="bbox 881 3097 2041 3180">
    <p class='ocr_par' dir='ltr' id='par_1_8' title="bbox 881 3097 2041 3180">
     <span class='ocr_line' id='line_1_28' title="bbox 881 3097 2041 3180; baseline 0.001 -19"><span class='ocrx_word' id='word_1_191' title='bbox 881 3106 947 3176; x_wconf 70' lang='grc' dir='ltr'><em>ΙΙ</em></span> <span class='ocrx_word' id='word_1_192' title='bbox 978 3098 1191 3162; x_wconf 88' lang='lat' dir='ltr'><em>Lectio</em></span> <span class='ocrx_word' id='word_1_193' title='bbox 1222 3098 1337 3180; x_wconf 64' lang='lat' dir='ltr'><em>jis.</em></span> <span class='ocrx_word' id='word_1_194' title='bbox 1367 3098 1716 3160; x_wconf 85' lang='lat' dir='ltr'><em>secundum</em></span> <span class='ocrx_word' id='word_1_195' title='bbox 1748 3097 2041 3163; x_wconf 84' lang='lat' dir='ltr'><em>Lucam.8</em></span> 
     </span>
    </p>
   </div>
   <div class='ocr_carea' id='block_1_8' title="bbox 221 3210 2646 3380">
    <p class='ocr_par' dir='ltr' id='par_1_9' title="bbox 221 3210 2646 3380">
     <span class='ocr_line' id='line_1_29' title="bbox 221 3210 2646 3340; baseline 0 -65"><span class='ocrx_word' id='word_1_196' title='bbox 221 3212 283 3340; x_wconf 84' lang='grc' dir='ltr'>Ι</span> <span class='ocrx_word' id='word_1_197' title='bbox 303 3213 369 3276; x_wconf 92' lang='grc' dir='ltr'>Ν</span> <span class='ocrx_word' id='word_1_198' title='bbox 404 3212 518 3275; x_wconf 91' lang='lat' dir='ltr'><em>illo</em></span> <span class='ocrx_word' id='word_1_199' title='bbox 548 3222 849 3295; x_wconf 89' lang='lat' dir='ltr'><em>tempore</em></span> <span class='ocrx_word' id='word_1_200' title='bbox 880 3212 1055 3311; x_wconf 59' lang='lat' dir='ltr'><em>qixit</em></span> <span class='ocrx_word' id='word_1_201' title='bbox 1091 3211 1277 3311; x_wconf 72' lang='lat' dir='ltr'><em>lesus</em></span> <span class='ocrx_word' id='word_1_202' title='bbox 1308 3210 1649 3312; x_wconf 63' lang='lat' dir='ltr'><em>discipulis</em></span> <span class='ocrx_word' id='word_1_203' title='bbox 1674 3211 1826 3274; x_wconf 82' lang='lat' dir='ltr'><em>suiS.</em></span> <span class='ocrx_word' id='word_1_204' title='bbox 1919 3211 2136 3311; x_wconf 59' lang='lat' dir='ltr'><em>Erunt</em></span> <span class='ocrx_word' id='word_1_205' title='bbox 2166 3212 2357 3312; x_wconf 71' lang='lat' dir='ltr'><em>signa</em></span> <span class='ocrx_word' id='word_1_206' title='bbox 2389 3211 2455 3275; x_wconf 88' lang='lat' dir='ltr'><em>in</em></span> <span class='ocrx_word' id='word_1_207' title='bbox 2488 3213 2646 3290; x_wconf 86' lang='lat' dir='ltr'><em>sole,</em></span> 
     </span>
     <span class='ocr_line' id='line_1_30' title="bbox 342 3298 2480 3380; baseline -0 -17"><span class='ocrx_word' id='word_1_208' title='bbox 342 3310 414 3363; x_wconf 91' lang='lat' dir='ltr'><em>et</em></span> <span class='ocrx_word' id='word_1_209' title='bbox 446 3300 619 3375; x_wconf 89' lang='lat' dir='ltr'><em>luna,</em></span> <span class='ocrx_word' id='word_1_210' title='bbox 650 3310 717 3362; x_wconf 92' lang='lat' dir='ltr'><em>et</em></span> <span class='ocrx_word' id='word_1_211' title='bbox 748 3298 972 3374; x_wconf 68' lang='lat' dir='ltr'><em>stell1S,</em></span> <span class='ocrx_word' id='word_1_212' title='bbox 1004 3308 1070 3362; x_wconf 92' lang='lat' dir='ltr'><em>et</em></span> <span class='ocrx_word' id='word_1_213' title='bbox 1103 3318 1167 3360; x_wconf 86' lang='lat' dir='ltr'><em>m</em></span> <span class='ocrx_word' id='word_1_214' title='bbox 1202 3307 1393 3361; x_wconf 81' lang='lat' dir='ltr'><em>terns</em></span> <span class='ocrx_word' id='word_1_215' title='bbox 1426 3317 1732 3380; x_wconf 88' lang='lat' dir='ltr'><em>pressura</em></span> <span class='ocrx_word' id='word_1_216' title='bbox 1762 3306 2082 3380; x_wconf 85' lang='lat' dir='ltr'><em>gentmm,</em></span> <span class='ocrx_word' id='word_1_217' title='bbox 2113 3307 2181 3362; x_wconf 94' lang='lat' dir='ltr'><em>et</em></span> <span class='ocrx_word' id='word_1_218' title='bbox 2214 3299 2480 3380; x_wconf 75' lang='lat' dir='ltr'><em>reliqua.</em></span> 
     </span>
    </p>
   </div>
   <div class='ocr_carea' id='block_1_9' title="bbox 843 3448 2014 3530">
    <p class='ocr_par' dir='ltr' id='par_1_10' title="bbox 843 3448 2014 3530">
     <span class='ocr_line' id='line_1_31' title="bbox 843 3448 2014 3530; baseline 0.001 -19"><span class='ocrx_word' id='word_1_219' title='bbox 843 3455 910 3526; x_wconf 71' lang='grc' dir='ltr'><em>ΙΙ</em></span> <span class='ocrx_word' id='word_1_220' title='bbox 940 3448 1025 3511; x_wconf 85' lang='lat' dir='ltr'><em>H</em></span> <span class='ocrx_word' id='word_1_221' title='bbox 1018 3449 1244 3511; x_wconf 88' lang='lat' dir='ltr'><em>omilia</em></span> <span class='ocrx_word' id='word_1_222' title='bbox 1272 3449 1485 3512; x_wconf 89' lang='lat' dir='ltr'><em>sancti</em></span> <span class='ocrx_word' id='word_1_223' title='bbox 1517 3448 1578 3512; x_wconf 85' lang='lat' dir='ltr'><em>G</em></span> <span class='ocrx_word' id='word_1_224' title='bbox 1580 3448 1828 3530; x_wconf 71' lang='lat' dir='ltr'><em>regomj&#39;</em></span> <span class='ocrx_word' id='word_1_225' title='bbox 1837 3458 2014 3530; x_wconf 88' lang='lat' dir='ltr'><em>pape.</em></span> 
     </span>
    </p>
   </div>
   <div class='ocr_carea' id='block_1_10' title="bbox 154 3560 2641 4255">
    <p class='ocr_par' dir='ltr' id='par_1_11' title="bbox 154 3560 2641 4255">
     <span class='ocr_line' id='line_1_32' title="bbox 204 3560 2641 3692; baseline 0.001 -67"><span class='ocrx_word' id='word_1_226' title='bbox 204 3562 612 3692; x_wconf 86' lang='lat' dir='ltr'><em>LEctioni</em></span> <span class='ocrx_word' id='word_1_227' title='bbox 646 3562 857 3624; x_wconf 90' lang='lat' dir='ltr'><em>sancti</em></span> <span class='ocrx_word' id='word_1_228' title='bbox 888 3561 1218 3643; x_wconf 90' lang='lat' dir='ltr'><em>euangelij</em></span> <span class='ocrx_word' id='word_1_229' title='bbox 1249 3582 1452 3643; x_wconf 85' lang='lat' dir='ltr'><em>quam</em></span> <span class='ocrx_word' id='word_1_230' title='bbox 1490 3560 1694 3623; x_wconf 89' lang='lat' dir='ltr'><em>modo</em></span> <span class='ocrx_word' id='word_1_231' title='bbox 1726 3569 1944 3622; x_wconf 86' lang='lat' dir='ltr'><em>vestra</em></span> <span class='ocrx_word' id='word_1_232' title='bbox 1977 3561 2352 3625; x_wconf 88' lang='lat' dir='ltr'><em>fraternitas</em></span> <span class='ocrx_word' id='word_1_233' title='bbox 2384 3564 2641 3627; x_wconf 90' lang='lat' dir='ltr'><em>audiuit</em></span> 
     </span>
     <span class='ocr_line' id='line_1_33' title="bbox 388 3647 2636 3733; baseline 0.001 -21"><span class='ocrx_word' id='word_1_234' title='bbox 388 3650 589 3732; x_wconf 92' lang='lat' dir='ltr'><em>paulo</em></span> <span class='ocrx_word' id='word_1_235' title='bbox 664 3650 964 3731; x_wconf 88' lang='lat' dir='ltr'><em>superius</em></span> <span class='ocrx_word' id='word_1_236' title='bbox 1034 3649 1344 3712; x_wconf 88' lang='lat' dir='ltr'><em>dominus</em></span> <span class='ocrx_word' id='word_1_237' title='bbox 1422 3648 1720 3729; x_wconf 89' lang='lat' dir='ltr'><em>premisit</em></span> <span class='ocrx_word' id='word_1_238' title='bbox 1781 3647 2046 3711; x_wconf 87' lang='lat' dir='ltr'><em>dicens:</em></span> <span class='ocrx_word' id='word_1_239' title='bbox 2122 3659 2406 3732; x_wconf 89' lang='lat' dir='ltr'><em>exurget</em></span> <span class='ocrx_word' id='word_1_240' title='bbox 2469 3671 2636 3733; x_wconf 89' lang='lat' dir='ltr'><em>gens</em></span> 
     </span>
     <span class='ocr_line' id='line_1_34' title="bbox 176 3734 2637 3818; baseline 0.001 -19"><span class='ocrx_word' id='word_1_241' title='bbox 176 3747 446 3799; x_wconf 87' lang='lat' dir='ltr'><em>contra</em></span> <span class='ocrx_word' id='word_1_242' title='bbox 496 3747 803 3816; x_wconf 79' lang='lat' dir='ltr'><em>gentem:</em></span> <span class='ocrx_word' id='word_1_243' title='bbox 873 3746 940 3800; x_wconf 91' lang='lat' dir='ltr'><em>et</em></span> <span class='ocrx_word' id='word_1_244' title='bbox 990 3755 1267 3818; x_wconf 87' lang='lat' dir='ltr'><em>regnum</em></span> <span class='ocrx_word' id='word_1_245' title='bbox 1341 3734 1659 3797; x_wconf 88' lang='lat' dir='ltr'><em>aduersus</em></span> <span class='ocrx_word' id='word_1_246' title='bbox 1739 3754 2058 3817; x_wconf 89' lang='lat' dir='ltr'><em>regnum:</em></span> <span class='ocrx_word' id='word_1_247' title='bbox 2124 3744 2192 3799; x_wconf 94' lang='lat' dir='ltr'><em>et</em></span> <span class='ocrx_word' id='word_1_248' title='bbox 2244 3746 2637 3803; x_wconf 89' lang='lat' dir='ltr'><em>terremotus</em></span> 
     </span>
     <span class='ocr_line' id='line_1_35' title="bbox 176 3821 2631 3907; baseline 0.001 -21"><span class='ocrx_word' id='word_1_249' title='bbox 176 3824 440 3907; x_wconf 85' lang='lat' dir='ltr'><em>magni</em></span> <span class='ocrx_word' id='word_1_250' title='bbox 493 3834 685 3886; x_wconf 89' lang='lat' dir='ltr'><em>erunt</em></span> <span class='ocrx_word' id='word_1_251' title='bbox 735 3844 852 3905; x_wconf 89' lang='lat' dir='ltr'><em>per</em></span> <span class='ocrx_word' id='word_1_252' title='bbox 901 3824 1046 3886; x_wconf 86' lang='lat' dir='ltr'><em>loca</em></span> <span class='ocrx_word' id='word_1_253' title='bbox 1094 3834 1159 3886; x_wconf 89' lang='lat' dir='ltr'><em>et</em></span> <span class='ocrx_word' id='word_1_254' title='bbox 1211 3822 1587 3904; x_wconf 90' lang='lat' dir='ltr'><em>pestilentie</em></span> <span class='ocrx_word' id='word_1_255' title='bbox 1636 3830 1704 3884; x_wconf 90' lang='lat' dir='ltr'><em>et</em></span> <span class='ocrx_word' id='word_1_256' title='bbox 1756 3821 1981 3885; x_wconf 83' lang='lat' dir='ltr'><em>fames,</em></span> <span class='ocrx_word' id='word_1_257' title='bbox 2075 3822 2164 3885; x_wconf 89' lang='lat' dir='ltr'><em>Et</em></span> <span class='ocrx_word' id='word_1_258' title='bbox 2230 3824 2631 3904; x_wconf 90' lang='lat' dir='ltr'><em>quibusdam</em></span> 
     </span>
     <span class='ocr_line' id='line_1_36' title="bbox 168 3908 2631 3995; baseline 0 -22"><span class='ocrx_word' id='word_1_259' title='bbox 168 3911 658 3993; x_wconf 86' lang='lat' dir='ltr'><em>interpositis:</em></span> <span class='ocrx_word' id='word_1_260' title='bbox 706 3911 832 3975; x_wconf 89' lang='lat' dir='ltr'><em>hoc</em></span> <span class='ocrx_word' id='word_1_261' title='bbox 865 3910 1045 3992; x_wconf 92' lang='lat' dir='ltr'><em>quod</em></span> <span class='ocrx_word' id='word_1_262' title='bbox 1092 3908 1294 3972; x_wconf 90' lang='lat' dir='ltr'><em>modo</em></span> <span class='ocrx_word' id='word_1_263' title='bbox 1340 3908 1658 3972; x_wconf 86' lang='lat' dir='ltr'><em>audistis:</em></span> <span class='ocrx_word' id='word_1_264' title='bbox 1706 3909 2018 3973; x_wconf 86' lang='lat' dir='ltr'><em>adiunxit</em></span> <span class='ocrx_word' id='word_1_265' title='bbox 2066 3910 2282 3974; x_wconf 87' lang='lat' dir='ltr'><em>Erunt</em></span> <span class='ocrx_word' id='word_1_266' title='bbox 2327 3912 2519 3995; x_wconf 90' lang='lat' dir='ltr'><em>signa</em></span> <span class='ocrx_word' id='word_1_267' title='bbox 2566 3913 2631 3975; x_wconf 91' lang='lat' dir='ltr'><em>in</em></span> 
     </span>
     <span class='ocr_line' id='line_1_37' title="bbox 162 3996 2635 4079; baseline 0.001 -19"><span class='ocrx_word' id='word_1_268' title='bbox 162 3998 335 4060; x_wconf 88' lang='lat' dir='ltr'><em>sole</em></span> <span class='ocrx_word' id='word_1_269' title='bbox 364 4007 438 4061; x_wconf 87' lang='lat' dir='ltr'><em>et</em></span> <span class='ocrx_word' id='word_1_270' title='bbox 464 3998 622 4061; x_wconf 89' lang='lat' dir='ltr'><em>luna</em></span> <span class='ocrx_word' id='word_1_271' title='bbox 644 4008 712 4062; x_wconf 93' lang='lat' dir='ltr'><em>et</em></span> <span class='ocrx_word' id='word_1_272' title='bbox 743 3997 986 4061; x_wconf 87' lang='lat' dir='ltr'><em>stellis:</em></span> <span class='ocrx_word' id='word_1_273' title='bbox 1008 4005 1074 4060; x_wconf 92' lang='lat' dir='ltr'><em>et</em></span> <span class='ocrx_word' id='word_1_274' title='bbox 1099 3998 1164 4059; x_wconf 92' lang='lat' dir='ltr'><em>in</em></span> <span class='ocrx_word' id='word_1_275' title='bbox 1190 3997 1375 4060; x_wconf 88' lang='lat' dir='ltr'><em>terris</em></span> <span class='ocrx_word' id='word_1_276' title='bbox 1402 4016 1707 4078; x_wconf 88' lang='lat' dir='ltr'><em>pressura</em></span> <span class='ocrx_word' id='word_1_277' title='bbox 1729 3996 2063 4076; x_wconf 83' lang='lat' dir='ltr'><em>gentium:</em></span> <span class='ocrx_word' id='word_1_278' title='bbox 2110 4017 2226 4079; x_wconf 92' lang='lat' dir='ltr'><em>pre</em></span> <span class='ocrx_word' id='word_1_279' title='bbox 2250 3998 2635 4063; x_wconf 90' lang='lat' dir='ltr'><em>confusione</em></span> 
     </span>
     <span class='ocr_line' id='line_1_38' title="bbox 154 4082 2631 4165; baseline 0 -17"><span class='ocrx_word' id='word_1_280' title='bbox 154 4086 463 4148; x_wconf 85' lang='lat' dir='ltr'><em>sonitus</em></span> <span class='ocrx_word' id='word_1_281' title='bbox 500 4085 715 4161; x_wconf 76' lang='lat' dir='ltr'><em>mariS,</em></span> <span class='ocrx_word' id='word_1_282' title='bbox 738 4094 805 4148; x_wconf 91' lang='lat' dir='ltr'><em>et</em></span> <span class='ocrx_word' id='word_1_283' title='bbox 837 4084 1174 4148; x_wconf 87' lang='lat' dir='ltr'><em>fluctuum.</em></span> <span class='ocrx_word' id='word_1_284' title='bbox 1268 4084 1377 4146; x_wconf 85' lang='lat' dir='ltr'><em>Ex</em></span> <span class='ocrx_word' id='word_1_285' title='bbox 1412 4083 1654 4165; x_wconf 90' lang='lat' dir='ltr'><em>quibus</em></span> <span class='ocrx_word' id='word_1_286' title='bbox 1679 4082 1978 4165; x_wconf 89' lang='lat' dir='ltr'><em>profecto</em></span> <span class='ocrx_word' id='word_1_287' title='bbox 2000 4085 2310 4147; x_wconf 90' lang='lat' dir='ltr'><em>omnibus</em></span> <span class='ocrx_word' id='word_1_288' title='bbox 2342 4085 2473 4148; x_wconf 89' lang='lat' dir='ltr'><em>alia</em></span> <span class='ocrx_word' id='word_1_289' title='bbox 2497 4087 2631 4150; x_wconf 89' lang='lat' dir='ltr'><em>iam</em></span> 
     </span>
     <span class='ocr_line' id='line_1_39' title="bbox 154 4169 2630 4255; baseline 0.001 -21"><span class='ocrx_word' id='word_1_290' title='bbox 154 4172 380 4235; x_wconf 83' lang='lat' dir='ltr'><em>facta</em></span> <span class='ocrx_word' id='word_1_291' title='bbox 407 4172 741 4236; x_wconf 89' lang='lat' dir='ltr'><em>cernimus</em></span> <span class='ocrx_word' id='word_1_292' title='bbox 766 4196 781 4236; x_wconf 74' lang='grc' dir='ltr'><strong><em>ε</em></strong></span> <span class='ocrx_word' id='word_1_293' title='bbox 806 4172 934 4235; x_wconf 84' lang='lat' dir='ltr'><em>alia</em></span> <span class='ocrx_word' id='word_1_294' title='bbox 955 4192 992 4233; x_wconf 92' lang='lat' dir='ltr'><em>e</em></span> <span class='ocrx_word' id='word_1_295' title='bbox 1017 4170 1328 4253; x_wconf 83' lang='lat' dir='ltr'><em>proximo</em></span> <span class='ocrx_word' id='word_1_296' title='bbox 1348 4180 1631 4234; x_wconf 90' lang='lat' dir='ltr'><em>ventura</em></span> <span class='ocrx_word' id='word_1_297' title='bbox 1657 4169 2110 4234; x_wconf 82' lang='lat' dir='ltr'><em>formidamus,</em></span> <span class='ocrx_word' id='word_1_298' title='bbox 2163 4171 2338 4235; x_wconf 86' lang='lat' dir='ltr'><em>Nam</em></span> <span class='ocrx_word' id='word_1_299' title='bbox 2359 4183 2630 4255; x_wconf 90' lang='lat' dir='ltr'><em>gentem</em></span> 
     </span>
    </p>
   </div>
   <div class='ocr_carea' id='block_1_11' title="bbox 262 4344 2623 4541">
    <p class='ocr_par' dir='ltr' id='par_1_12' title="bbox 262 4344 2623 4541">
     <span class='ocr_line' id='line_1_40' title="bbox 270 4344 1947 4413; baseline -0.002 -14"><span class='ocrx_word' id='word_1_300' title='bbox 270 4348 814 4413; x_wconf 56' lang='lat' dir='ltr'><em>¹dezadd3963.</em></span> <span class='ocrx_word' id='word_1_301' title='bbox 1693 4344 1947 4395; x_wconf 81' lang='lat' dir='ltr'><em>²otn.61.</em></span> 
     </span>
     <span class='ocr_line' id='line_1_41' title="bbox 266 4409 2623 4487; baseline 0.009 -42"><span class='ocrx_word' id='word_1_302' title='bbox 266 4412 297 4445; x_wconf 70' lang='lat' dir='ltr'>a</span> <span class='ocrx_word' id='word_1_303' title='bbox 336 4415 483 4481; x_wconf 54' lang='grc' dir='ltr'><em>ΟΡ,</em></span> <span class='ocrx_word' id='word_1_304' title='bbox 523 4427 541 4463; x_wconf 75' lang='lat'>1</span> <span class='ocrx_word' id='word_1_305' title='bbox 571 4416 633 4462; x_wconf 80' lang='lat' dir='ltr'><em>in</em></span> <span class='ocrx_word' id='word_1_306' title='bbox 656 4430 721 4463; x_wconf 81' lang='lat' dir='ltr'><em>m.</em></span> <span class='ocrx_word' id='word_1_307' title='bbox 748 4414 803 4474; x_wconf 86' lang='lat' dir='ltr'><em>[i.</em></span> <span class='ocrx_word' id='word_1_308' title='bbox 837 4414 1004 4477; x_wconf 81' lang='lat' dir='ltr'><strong>¹·¹S·]</strong></span> <span class='ocrx_word' id='word_1_309' title='bbox 1069 4412 1196 4477; x_wconf 80' lang='lat' dir='ltr'><em>Cap.</em></span> <span class='ocrx_word' id='word_1_310' title='bbox 1227 4426 1289 4462; x_wconf 85' lang='lat'><em>2:</em></span> <span class='ocrx_word' id='word_1_311' title='bbox 1325 4428 1405 4474; x_wconf 80' lang='lat'><em>44.</em></span> <span class='ocrx_word' id='word_1_312' title='bbox 1478 4413 1603 4475; x_wconf 78' lang='lat' dir='ltr'><em>Cap.</em></span> <span class='ocrx_word' id='word_1_313' title='bbox 1631 4411 1697 4460; x_wconf 84' lang='lat'><em>6:</em></span> <span class='ocrx_word' id='word_1_314' title='bbox 1733 4410 1814 4460; x_wconf 90' lang='lat'><em>61.</em></span> <span class='ocrx_word' id='word_1_315' title='bbox 2038 4409 2059 4440; x_wconf 84' lang='lat'><strong>⁴</strong></span> <span class='ocrx_word' id='word_1_316' title='bbox 2091 4411 2257 4487; x_wconf 66' lang='lat' dir='ltr'><em>qnimz</em></span> <span class='ocrx_word' id='word_1_317' title='bbox 2294 4414 2404 4464; x_wconf 62' lang='lat' dir='ltr'><em>adca</em></span> <span class='ocrx_word' id='word_1_318' title='bbox 2433 4414 2513 4465; x_wconf 90' lang='lat'><em>61.</em></span> <span class='ocrx_word' id='word_1_319' title='bbox 2542 4415 2623 4476; x_wconf 85' lang='lat'><em>64.</em></span> 
     </span>
     <span class='ocr_line' id='line_1_42' title="bbox 262 4473 2343 4541; baseline -0.001 -12"><span class='ocrx_word' id='word_1_320' title='bbox 262 4478 292 4510; x_wconf 79' lang='lat'>⁸</span> <span class='ocrx_word' id='word_1_321' title='bbox 329 4497 444 4530; x_wconf 77' lang='lat' dir='ltr'><em>om.</em></span> <span class='ocrx_word' id='word_1_322' title='bbox 475 4479 561 4529; x_wconf 81' lang='lat'><em>61.</em></span> <span class='ocrx_word' id='word_1_323' title='bbox 1282 4475 1305 4507; x_wconf 77' lang='lat'>⁶</span> <span class='ocrx_word' id='word_1_324' title='bbox 1335 4494 1427 4527; x_wconf 87' lang='lat' dir='ltr'><em>om.</em></span> <span class='ocrx_word' id='word_1_325' title='bbox 1457 4477 1535 4541; x_wconf 89' lang='lat'><em>38.</em></span> <span class='ocrx_word' id='word_1_326' title='bbox 2030 4473 2052 4507; x_wconf 87' lang='lat'>⁷</span> <span class='ocrx_word' id='word_1_327' title='bbox 2084 4474 2138 4536; x_wconf 85' lang='grc' dir='ltr'><em>[ι.</em></span> <span class='ocrx_word' id='word_1_328' title='bbox 2174 4478 2343 4541; x_wconf 79' lang='lat'><em>1-25.]</em></span> 
     </span>
    </p>
   </div>
   <div class='ocr_carea' id='block_1_12' title="bbox 256 4539 2368 4673">
    <p class='ocr_par' dir='ltr' id='par_1_13' title="bbox 256 4539 2368 4673">
     <span class='ocr_line' id='line_1_43' title="bbox 256 4539 2326 4607; baseline -0.001 -11"><span class='ocrx_word' id='word_1_329' title='bbox 256 4543 290 4576; x_wconf 77' lang='lat'>⁸</span> <span class='ocrx_word' id='word_1_330' title='bbox 332 4546 510 4596; x_wconf 64' lang='lat' dir='ltr'><em>Luae</em></span> <span class='ocrx_word' id='word_1_331' title='bbox 535 4557 617 4595; x_wconf 82' lang='lat'><em>21.</em></span> <span class='ocrx_word' id='word_1_332' title='bbox 646 4545 705 4592; x_wconf 78' lang='lat' dir='ltr'><em>in</em></span> <span class='ocrx_word' id='word_1_333' title='bbox 732 4559 793 4593; x_wconf 77' lang='lat' dir='ltr'><em>m.</em></span> <span class='ocrx_word' id='word_1_334' title='bbox 822 4561 835 4593; x_wconf 73' lang='grc' dir='ltr'><strong><em>ε</em></strong></span> <span class='ocrx_word' id='word_1_335' title='bbox 871 4556 950 4606; x_wconf 84' lang='lat'><em>43.</em></span> <span class='ocrx_word' id='word_1_336' title='bbox 977 4542 1058 4607; x_wconf 86' lang='lat'><em>63.</em></span> <span class='ocrx_word' id='word_1_337' title='bbox 1130 4544 1312 4607; x_wconf 77' lang='lat' dir='ltr'><em>Capite</em></span> <span class='ocrx_word' id='word_1_338' title='bbox 1337 4555 1413 4593; x_wconf 67' lang='grc' dir='ltr'><em>ει.</em></span> <span class='ocrx_word' id='word_1_339' title='bbox 1442 4543 1553 4593; x_wconf 72' lang='lat' dir='ltr'><em>aad.</em></span> <span class='ocrx_word' id='word_1_340' title='bbox 1581 4554 1661 4604; x_wconf 89' lang='lat'><em>49.</em></span> <span class='ocrx_word' id='word_1_341' title='bbox 1691 4540 1771 4591; x_wconf 88' lang='lat'><em>61.</em></span> <span class='ocrx_word' id='word_1_342' title='bbox 1799 4540 1880 4602; x_wconf 88' lang='lat'><em>64.</em></span> <span class='ocrx_word' id='word_1_343' title='bbox 1908 4539 1988 4592; x_wconf 89' lang='grc'><em>66.</em></span> <span class='ocrx_word' id='word_1_344' title='bbox 2059 4539 2181 4601; x_wconf 81' lang='lat' dir='ltr'><em>[xxi.</em></span> <span class='ocrx_word' id='word_1_345' title='bbox 2219 4545 2326 4607; x_wconf 80' lang='lat'><em>25.]</em></span> 
     </span>
     <span class='ocr_line' id='line_1_44' title="bbox 2233 4623 2368 4673; baseline 0.015 -2"><span class='ocrx_word' id='word_1_346' title='bbox 2233 4623 2283 4671; x_wconf 90' lang='lat' dir='ltr'>D</span> <span class='ocrx_word' id='word_1_347' title='bbox 2330 4626 2368 4673; x_wconf 87' lang='lat'><strong>2</strong></span> 
     </span>
    </p>
   </div>
  </div>
 </body>
</html>
