3293 5225
825 503 1058 554 FERIA
1118 504 1163 566 Q
1173 503 1408 556 UINTA
1466 503 1660 554 POST
1706 504 1916 555 DIEM
1972 504 2205 555 CJNER
2215 503 2339 556 UM.
2727 502 2791 568 85

513 662 581 733 ΙΙ
611 656 995 720 Notandum
1024 656 1201 739 quod
1221 656 1292 719 in
1322 656 1645 738 bacferia
1689 667 1925 741 quarta
1968 658 2254 721 cinerum
2271 667 2495 739 preter
2517 654 2793 739 officium

382 741 523 806 diei
544 744 856 807 dicuntur
878 754 1110 826 septem
1130 744 1382 825 psalmi
1392 745 1847 826 penitentiales
1887 766 2030 808 cum
2064 743 2351 814 letania.l
2382 754 2447 808 et
2486 743 2795 807 orationi·

384 829 506 893 bus
533 841 608 894 vt
637 831 706 894 in
720 830 865 913 fine
899 830 1230 912 breuiarij.

513 923 581 993 {I
610 916 776 980 Item
808 917 1181 995 notandum,
1209 918 1387 1000 quod
1407 917 1477 981 in
1521 919 1821 983 omnibus
1858 918 2058 982 sextis
2069 918 2277 1000 seriJIs
2304 916 2798 1001 quadragesime

380 1003 655 1086 excepta²
684 1015 866 1069 sexta
877 1005 1067 1086 seria
1095 1005 1481 1069 hebdomade
1507 1016 1724 1069 sancte
1751 1006 2063 1069 dicuntur
2086 1005 2300 1068 simili
2340 1005 2521 1068 modo
2563 1014 2797 1087 septem

371 1091 638 1172 psalmi,
668 1092 777 1156 vel
800 1091 1199 1155 matutinum
1252 1113 1394 1155 cum
1443 1092 1752 1157 laudibus
1789 1104 1912 1175 pro
1964 1092 2304 1174 defunctis,
2335 1102 2408 1156 vt
2451 1092 2595 1156 suis
2644 1091 2798 1156 locis

381 1177 782 1243 annotatur.³
880 1213 886 1218 ·

514 1271 582 1342 ΙΙ
610 1265 672 1329 Α
684 1265 1137 1329 duertendum⁴
1176 1265 1355 1348 quod
1394 1265 1463 1329 si
1500 1266 1570 1328 in
1614 1265 1841 1349 aliqua
1888 1287 1969 1329 ex
2006 1266 2322 1349 predictis
2361 1264 2561 1331 sextis
2595 1265 2803 1347 fen-'715

380 1351 805 1416 celebrabitur
840 1355 1093 1432 festum
1167 1352 1403 1435 duplex
1471 1374 1597 1416 non
1673 1353 1986 1417 dicuntur
2052 1364 2284 1436 septem
2344 1352 2611 1435 psalmi,
2689 1373 2802 1416 nec

380 1437 659 1521 officium
680 1439 1149 1520 defunctorum.

1165 1582 1233 1652 {I
1263 1576 1389 1640 Ad
1409 1588 1705 1659 vesperas
1724 1577 2019 1660 hymnus.

535 1686 672 1751 Vdi
721 1687 1009 1771 benigne
1054 1688 1377 1766 conditor,
1410 1689 1695 1753 Nostras
1750 1709 1978 1771 preces
2028 1709 2180 1753 cum
2231 1686 2516 1766 fletibuS,
2551 1688 2631 1752 In
2677 1686 2805 1753 hoc

563 1795 752 1838 sacro
785 1775 1046 1853 ieiunio,
1079 1775 1289 1839 Fusas
1320 1777 1874 1859 quadragenario

519 1861 866 1926 Scrutator
926 1864 1102 1926 alme
1162 1861 1461 1926 cordium
1530 1862 1805 1927 Infirma
1866 1874 1936 1927 tu
1999 1863 2129 1927 scis
2194 1862 2487 1928 virium:
2564 1861 2678 1926 Ad
2739 1872 2806 1927 te

390 1950 672 2013 reuersis
704 1949 968 2025 exhibe,
1006 1951 1444 2014 Remissionis
1474 1951 1780 2032 gratiam.

524 2036 816 2099 Multum
863 2036 1135 2119 quidem
1186 2037 1649 2120 peccauimus:
1700 2036 1835 2102 Sed
1882 2057 2079 2118 parce
2124 2035 2640 2101 confitentibus:
2691 2036 2805 2101 Ad

393 2121 661 2186 laudem
697 2125 794 2187 tui
828 2125 1136 2200 nominiS‚
1168 2123 1395 2190 confer
1428 2124 1762 2188 medelam
1799 2124 2150 2207 languidis,

522 2209 634 2274 Sic
668 2231 906 2292 corpus
939 2221 1132 2275 extra
1161 2211 1434 2288 conteri,
1470 2212 1672 2275 Dona
1704 2232 1822 2293 per
1876 2210 2375 2288 abstinentiam,
2431 2211 2694 2274 Ieiunet
2737 2220 2811 2275 vt

395 2316 589 2360 mens
618 2298 859 2376 sobria,
891 2299 956 2360 A
994 2298 1142 2361 labe
1176 2317 1442 2380 prorsus
1475 2299 1850 2363 criminum.

525 2385 753 2448 Presta
786 2385 984 2449 beata
1017 2385 1294 2449 trinitas,
1332 2453 1339 2460 ,

521 2471 917 2553 Antt'plzona.
1011 2471 1452 2554 Derelinquat
1501 2471 1745 2554 impius
1790 2473 1969 2534 viam
2020 2492 2232 2548 suam,
2276 2481 2345 2535 et
2394 2472 2493 2535 vir
2541 2471 2809 2553 iniquus

388 2558 834 2643 cogitationes
888 2578 1060 2637 suaS‚
1120 2569 1188 2624 et
1242 2570 1612 2624 reuertatur
1660 2558 1747 2623 ad
1797 2559 2144 2623 dominum
2184 2582 2200 2624 ι
2276 2567 2345 2623 et
2395 2559 2812 2624 miserebitur

393 2665 551 2711 ems.

521 2739 589 2810 ΙΙ
621 2733 1003 2797 Notandum
1063 2735 1240 2816 quod
1285 2733 1766 2811 inuitatorium,
1811 2733 2057 2818 hymni,
2111 2743 2174 2798 et
2219 2732 2586 2815 antiphone⁵
2616 2730 2815 2797 huius

387 2831 619 2901 quarte
648 2821 830 2901 serie
879 2820 1168 2884 cinerum
1221 2821 1537 2884 dicuntur
1585 2842 1781 2903 vsque
1827 2821 1928 2885 ad
1966 2820 2356 2883 dominicam
2406 2821 2483 2883 de
2513 2821 2815 2902 passione

388 2907 702 2970 exclusiue
733 2907 802 2969 in
835 2907 1130 2971 omnibus
1159 2907 1381 2971 diebus
1411 2907 1550 2971 nisi
1574 2908 1922 2972 celebretur
1946 2907 2218 2989 aliquod
2216 2907 2477 2988 festum
2509 2907 2754 2989 duplex.

475 3100 543 3171 ΙΙ
573 3093 773 3157 Feria
799 3095 1030 3177 quinta
1044 3103 1197 3175 post
1222 3093 1392 3157 diem
1422 3094 1710 3157 cinerum
1740 3115 1820 3157 ex
1866 3092 2141 3158 Genesi.⁶
2227 3093 2442 3157 Lectio
2459 3093 2703 3175 prima.

406 3232 817 3361 DIxitque
847 3234 1012 3297 deus
1049 3233 1203 3295 Hoc
1235 3241 1336 3295 est
1368 3231 1635 3314 signum
1674 3230 1911 3309 sederis
2060 3241 2127 3295 et
2164 3240 2465 3295 mortuus
2497 3239 2616 3296 est.

970 3463 1038 3534 ΙΙ
1074 3456 1442 3521 Secundum
1473 3454 1827 3521 Ioannem.⁷
1915 3456 2132 3521 Lectio
2169 3456 2258 3539 .ᾐὶ

398 3571 704 3700 AMen
764 3591 960 3634 amen
1025 3572 1176 3635 dico
1228 3570 1417 3635 vobis
1463 3570 1518 3634 si
1577 3571 1726 3653 quis
1787 3590 2164 3634 sermonem
2320 3569 2621 3634 schisma
2670 3581 2811 3635 erat

569 3659 741 3723 inter
771 3678 905 3721 eos,

933 3801 1001 3872 ΙΙ
1044 3794 1264 3858 Tertia
1294 3796 1470 3859 lectio
1498 3797 1858 3871 secundum,
1879 3791 2272 3862 Matheum.⁸

479 3908 541 3971 N
606 3907 721 3971 illo
784 3917 1104 3991 tempore,
1158 3907 1327 3972 Cum
1376 3908 1688 3972 intrasset
1760 3908 1946 3973 Iesus
1998 3907 2476 3991 Capharnaum
2529 3908 2807 3973 accessit

504 3994 591 4057 ad
637 4016 790 4059 eum
825 3994 1141 4060 Centurio
1175 4016 1416 4078 rogans
1448 4015 1602 4059 eum
1645 4007 1713 4058 et
1759 3997 2025 4059 dicens:
2075 3995 2368 4058 Domine
2412 4015 2576 4078 puer
2621 4016 2806 4059 meus

392 4081 562 4145 iacet
596 4080 1000 4165 paraclytus⁹
1030 4084 1096 4145 in
1130 4083 1335 4146 domo
1366 4092 1433 4147 et
1481 4082 1657 4146 male
1703 4091 2064 4165 torquetur.
2184 4083 2276 4145 Et
2325 4082 2418 4146 ait
2472 4081 2565 4145 illi
2603 4082 2806 4147 Iesus,

394 4168 546 4253 Ego
575 4171 839 4232 veniam
871 4180 939 4233 et
971 4170 1218 4233 curabo
1247 4189 1421 4246 eum,
1455 4169 1549 4233 Et
1593 4169 1867 4252 reliqua.

483 4374 505 4471 Ξ
537 4377 772 4441 lilaniss:
808 4377 888 4440 63.
941 4377 1051 4438 [See
1073 4394 1121 4443 p.
1152 4379 1291 4443 395.]
1541 4375 1565 4408 ²
1596 4385 1815 4473 excepto:
1846 4379 1931 4456 ‘38.
2188 4375 2210 4410 ⁸
2243 4387 2473 4429 notatur:
2510 4376 2589 4442 38.

483 4444 1113 4569 «f;f⁶?,··.2“;“:1·³⁹·
1707 4443 2245 4573 sufflasse...]

479 4569 505 4602 ⁸
543 4574 708 4636 Caput
728 4579 994 4622 octauum:
1027 4574 1138 4624 adel.
1168 4586 1248 4637 39.
1703 4572 1726 4604 ⁹
1759 4575 2092 4641 paralyticus:
2130 4573 2207 4639 38.
2237 4584 2332 4625 ete.
