3293 5225
518 394 615 445 230
786 383 1011 430 FERJA
1048 382 1155 430 Ill.
1197 381 1636 431 DOMINJCAE
1670 382 1823 430 XXI.
1865 382 2057 430 POST
2080 380 2648 430 PENTECOSTEN.

521 537 759 599 meruit
821 535 1293 598 remissionem.
1385 535 1701 597 Misertus
1760 531 1886 597 est¹
1943 535 2120 597 enim
2183 534 2496 597 dominus
2556 535 2698 597 eius
2758 534 2926 596 sicut

518 623 898 686 audiuimus
945 638 1011 685 et
1043 642 1241 684 omne
1273 622 1575 684 debitum
1609 622 1860 684 dimisit
1893 622 2002 685 illi.
2081 621 2176 684 At
2210 621 2318 684 ille
2348 621 2579 684 debito
2612 621 2776 684 liber
2804 621 2923 684 sed

514 710 882 792 iniquitatis
942 730 1191 786 seruuS,
1242 719 1595 791 postquam
1659 729 1959 790 egressus
2021 719 2122 771 est
2174 730 2214 771 a
2267 708 2433 771 facie
2479 707 2732 770 domini
2780 709 2924 771 sui:

513 797 770 861 inuenit
810 798 1009 859 etiam
1045 798 1186 878 ipse
1218 796 1586 859 debitorem
1620 816 1813 858 suum
1847 797 1958 877 qui
1991 796 2281 858 debebat
2314 816 2445 858 non
2478 795 2710 858 decem
2745 795 2925 857 milia

511 885 955 949 talentorum:
1051 894 1376 966 quantum
1471 885 1677 964 ipsius
1774 883 2072 946 debitum
2168 882 2333 945 fuit:
2449 883 2565 945 sed
2647 893 2918 945 centum

509 970 862 1042 denarios?
913 972 1091 1053 cepit
1141 970 1465 1033 suffocare
1514 991 1667 1033 eum
1718 971 1976 1033 trahere
2024 981 2091 1032 et
2143 969 2397 1032 dicere:
2457 970 2692 1032 Redde
2741 969 2920 1050 quod

511 1059 758 1123 debes?
796 1059 891 1121 At
926 1057 1032 1119 ille
1065 1057 1345 1139 rogabat
1377 1077 1770 1119 conseruum
1805 1058 1975 1120 sicut
2007 1058 2148 1139 ipse
2181 1066 2530 1138 rogauerat
2555 1057 2920 1119 dominum.

513 1145 646 1210 Sed
710 1166 841 1208 non
893 1145 1096 1207 talem
1148 1146 1287 1227 ipse
1342 1146 1596 1206 inuenit
1648 1164 2058 1220 conservum,
2111 1144 2376 1225 qualem
2416 1145 2523 1206 ille
2555 1144 2920 1206 dominum.

513 1234 665 1295 Non
719 1233 930 1295 solum
986 1232 1077 1294 illi
1129 1233 1462 1295 remittere
1518 1232 1819 1294 debitum
1878 1232 2126 1293 noluit:
2182 1231 2297 1294 sed
2355 1252 2475 1293 nec
2526 1231 2917 1293 dilationem

508 1320 710 1383 dedit.
787 1319 1183 1383 Contortum
1219 1319 1517 1401 rapiebat
1550 1319 1633 1380 ad
1668 1318 2068 1381 solutionem
2097 1342 2109 1381 ε
2158 1319 2288 1380 iam
2322 1318 2551 1381 debito
2583 1318 2920 1379 dominico

510 1407 688 1470 liber.
783 1406 1140 1488 Displicuit
1174 1408 1508 1468 conseruis
1538 1430 1550 1467 :
1598 1416 1667 1467 et
1701 1407 2247 1468 renuntiauerunt
2278 1407 2555 1468 domino
2586 1426 2706 1467 suo
2739 1403 2916 1486 quod

508 1504 732 1556 actum
769 1492 985 1557 esset.3

1594 1630 1838 1694 Oratio,

515 1743 954 1872 FAmiliam
1001 1752 1185 1806 tuam
1235 1763 1598 1824 quesumus
1644 1741 1914 1805 domine
1961 1744 2277 1805 continua
2327 1743 2574 1824 pietate
2620 1741 2917 1804 custodi:

658 1842 730 1893 vt
791 1852 830 1892 a
891 1834 1145 1894 cunctis
1207 1830 1720 1893 aduersitatibus
1766 1840 1832 1891 te
1884 1841 2273 1912 protegente
2323 1831 2406 1893 sit
2461 1829 2684 1902 libera,
2737 1841 2802 1891 et
2851 1830 2912 1889 in

497 1919 687 1982 bonis
719 1918 977 1980 actibus
1009 1929 1124 1980 tuo
1158 1918 1409 1979 nomini
1441 1918 1527 1979 sit
1558 1917 1805 1979 deuota
1831 1941 1843 1978 :
1895 1918 2031 1980 Per.

779 2086 844 2154 (I
875 2072 1073 2141 Foria
1091 2080 1366 2141 secunda
1396 2079 1497 2140 ex*
1513 2089 1745 2159 quarto
1782 2079 2073 2160 Regma?
2162 2080 2372 2141 Lectio
2387 2080 2630 2161 prima.

511 2192 916 2319 INgressus
963 2201 1064 2253 est
1110 2212 1270 2272 ergo
1322 2191 1584 2251 Eliseus
1629 2191 1905 2253 domum
2072 2193 2523 2266 comederunt,
2569 2202 2634 2251 et
2690 2210 2913 2272 super-

609 2278 732 2341 fuit
765 2279 955 2341 iuxta
986 2279 1260 2341 verbum
1295 2279 1562 2340 domini.

1084 2446 1150 2516 (Ι
1187 2440 1555 2503 Secundum
1589 2439 1945 2504 „llarcumss
2033 2441 2244 2503 Lectio
2276 2441 2360 2522 ‚isi

628 2553 764 2616 Vm
799 2563 1022 2617 autem
1059 2553 1351 2617 videritis
1398 2552 1975 2616 abominationem
2015 2553 2452 2617 desolationis
2600 2553 2912 2616 omnibus

657 2642 826 2717 dico,
859 2641 1167 2722 Vigilate.

825 2809 890 2877 (I
923 2803 1121 2865 Feria
1153 2804 1347 2865 tertia
1378 2824 1456 2864 ex
1483 2813 1717 2884 quarto
1746 2800 2046 2884 Regnent?
2137 2803 2346 2865 Lectio
2363 2805 2605 2884 prima.

515 2916 932 3046 NAaman
995 2926 1216 2977 autem
1284 2916 1587 2997 princeps
1651 2916 1883 2978 militie
1945 2916 2117 2997 regis
2174 2915 2366 2997 Syrie
2551 2918 2716 2979 sciat
2766 2938 2911 2979 esse

696 3003 1088 3085 prophetam
1124 3003 1186 3064 in
1230 3002 1450 3065 Israel.

761 3172 827 3242 (Ι
859 3166 1180 3246 Epistolass
1209 3166 1421 3227 Pauli
1442 3166 1539 3227 ad
1560 3165 1997 3229 collossenses.⁰
2087 3166 2300 3229 Lectio
2329 3168 2619 3230 secunda.

517 3279 841 3408 PAulus
872 3278 1212 3359 apostolus
1251 3278 1398 3340 Iesu
1434 3278 1672 3341 Christi
1822 3278 1962 3340 siue
1995 3299 2125 3360 que
2158 3279 2222 3339 in
2257 3279 2413 3340 celis
2445 3289 2615 3341 sunt.

601 3543 615 3573 ¹
650 3560 744 3593 om.
774 3543 854 3593 61.
882 3544 961 3604 64.
1809 3544 1831 3574 ²
1864 3556 1945 3594 et:
1982 3547 2094 3593 add.
2124 3559 2200 3607 39.
2232 3558 2309 3606 41.
2341 3545 2418 3595 61.
2450 3546 2528 3607 64.

598 3610 618 3638 ³
652 3619 702 3659 et
736 3609 968 3658 dominus
1002 3609 1116 3659 fecit
1151 3611 1323 3659 adesse
1346 3626 1558 3667 seruum,
1598 3620 1644 3659 et
1681 3609 1805 3659 dixit
1845 3611 1926 3659 ei:
1976 3611 2128 3661 Serue
2163 3626 2394 3674 nequam,
2431 3628 2582 3675 quum
2619 3612 2739 3659 mihi
2776 3621 2913 3660 tanta

500 3676 724 3733 deberes,
764 3675 992 3724 misertus
1014 3675 1085 3723 tui
1110 3675 1159 3724 in
1184 3675 1352 3723 omnia
1385 3675 1549 3725 dimisi
1586 3675 1695 3733 tibi,
1722 3692 1823 3723 non
1849 3693 1967 3740 ergo
1991 3687 2038 3725 et
2063 3686 2112 3725 te
2135 3678 2397 3740 oportebat
2433 3677 2651 3725 misereri
2687 3678 2910 3726 conserui

502 3742 589 3800 tui,
618 3740 743 3789 sieut
767 3749 814 3788 et
840 3740 910 3789 tui
934 3740 1163 3789 misertus
1186 3756 1292 3789 sum
1313 3742 1334 3789 Ρ
1401 3742 1465 3788 Et
1491 3740 1627 3789 iussit
1652 3741 1819 3790 omnia
1844 3758 1971 3805 quae
1994 3741 2066 3790 illi
2090 3741 2353 3790 demiserat
2389 3741 2534 3806 exigi.
2611 3743 2745 3806 Ergo
2781 3744 2911 3791 hane

501 3805 875 3856 similitudinem
915 3805 978 3855 a‘l
1003 3814 1222 3854 nostram
1248 3807 1621 3855 instructionem
1660 3807 1933 3870 proposuit,
1971 3816 2019 3857 et
2054 3806 2372 3855 admonendo
2407 3807 2565 3871 perire
2605 3823 2696 3857 nos
2731 3809 2905 3856 noluit.

503 3873 605 3930 Sic,
656 3870 834 3935 inquit,
873 3880 924 3920 et
956 3870 1099 3919 vobis·
1136 3871 1281 3920 faciet
1317 3880 1459 3934 pater
1492 3872 1741 3932 coelestis,
1777 3872 1818 3920 si
1858 3888 1959 3921 non
1996 3872 2282 3922 remiseritis
2317 3873 2650 3936 vnusquisque
2690 3882 2907 3922 vestrum

503 3936 735 3986 fratribus
758 3936 932 3985 vestris
954 3952 1016 3985 ex
1040 3937 1189 3986 corde
1211 3946 1389 3987 vestro.
1464 3938 1596 3986 Ecce
1631 3936 1803 3986 fratres
1838 3954 1916 3987 res
1948 3938 2000 3987 in
2034 3948 2209 4001 aperto
2245 3948 2336 3996 est,
2374 3938 2650 3987 admonitio
2691 3939 2825 3988 vtilis
2859 3950 2908 3988 et

502 4002 647 4051 valde
672 4002 897 4051 salubris.
972 4000 1274 4051 Obedientia
1310 4002 1535 4060 debetur,
1562 4012 1614 4050 vt
1639 4003 1775 4065 quod
1803 4002 1987 4052 iustum
2013 4013 2087 4052 est
2112 4002 2392 4066 impleatur,
2418 4004 2536 4067 quia
2559 4004 2721 4052 omnis
2754 4005 2909 4053 homo

502 4078 550 4117 et
588 4067 786 4116 debitor
826 4075 901 4116 est
940 4067 1040 4125 dei,
1079 4076 1128 4117 et
1165 4068 1441 4117 debitorem
1480 4068 1630 4116 habet
1674 4068 1873 4117 fratrem
1915 4084 2072 4117 suum.
2147 4069 2272 4131 Quis
2312 4078 2385 4118 est
2424 4069 2555 4117 enim
2597 4068 2681 4133 qui
2717 4086 2819 4119 non
2854 4069 2908 4118 fit

502 4134 698 4184 debitor
732 4132 831 4191 dei,
872 4132 967 4181 nisi
1002 4131 1051 4180 in
1086 4149 1188 4196 quo
1219 4133 1409 4182 nullum
1447 4142 1612 4196 potest
1648 4133 1858 4183 inueniri
1891 4136 2186 4198 peceatum?
2252 4133 2377 4197 Quis
2401 4146 2471 4183 est
2497 4144 2661 4183 autem
2687 4135 2770 4198 qui
2805 4151 2907 4183 non

502 4200 684 4248 habeat
707 4197 980 4246 debitorem
1006 4198 1225 4256 fratrem,
1252 4198 1345 4247 nisi
1373 4200 1422 4246 in
1445 4214 1591 4262 quem
1618 4214 1766 4248 nemo
1790 4199 2015 4263 peccauit
2033 4201 2087 4251 ?:
2120 4200 2231 4248 add.
2263 4199 2339 4262 38.

601 4265 675 4311 Te
698 4263 846 4311 deum
872 4281 883 4310 :
920 4264 1030 4311 add.
1061 4263 1138 4325 63.

601 4329 620 4358 ⁴
653 4328 814 4376 libro:
846 4330 955 4377 adel.
987 4328 1065 4390 63.
1506 4327 1527 4357 ³
1560 4329 1644 4389 [iv.
1678 4331 1882 4391 32—44.]
2328 4327 2349 4357 ὅ
2382 4330 2505 4390 [xiii.
2542 4332 2739 4392 14—37.]

599 4392 618 4424 ⁷
653 4393 744 4442 Ca.
775 4403 802 4456 5
829 4395 885 4441 in
910 4410 974 4442 m.
1005 4395 1072 4454 [v.
1108 4394 1220 4454 1—8]
1244 4395 1403 4443 libro:
1437 4395 1548 4443 add.
1577 4406 1658 4457 43.
1704 4394 1782 4443 66.

599 4458 619 4488 Β
652 4460 783 4507 beati
802 4475 819 4507 :
852 4460 963 4507 add.
991 4472 1069 4520 43.
1101 4459 1177 4521 63.
1208 4460 1286 4508 66.
1799 4458 1821 4488 ⁹
1856 4461 1979 4525 Cap.
2017 4474 2034 4508 1
2066 4463 2122 4508 ιή
2149 4478 2212 4509 m.
2243 4461 2295 4520 [i.
2333 4463 2499 4519 1-20.]
