3293 5225
488 483 553 544 46
1082 482 1461 532 HEBDOMA
1468 482 1570 531 DA
1609 482 1852 531 PRIMA
1888 484 1935 531 A
1941 483 1997 531 D
2010 482 2319 533 VENJUS.

487 636 917 699 sestiuitatem
969 635 1224 698 domini
1265 636 1576 698 vitiorum
1610 636 1917 699 sordibus
1949 636 2333 718 inquinatus
2363 636 2729 699 accesserit.
2823 635 2902 698 In

488 721 734 786 natale1
811 724 989 785 enim
1079 721 1332 785 domini
1415 722 1650 786 fratres
1728 723 2161 798 dilectissimi,
2223 726 2412 806 quasi
2497 723 2563 786 in
2649 723 2901 805 nuptijs

486 810 891 892 spiritalibus
952 830 1196 892 sponse
1244 830 1363 873 sue
1410 809 1686 873 ecclesie
1740 809 2042 873 Christus
2095 810 2447 873 adiunctus
2499 820 2618 873 est.
2708 810 2901 874 Tunc

486 898 727 960 veritas
780 897 865 960 de
914 906 1087 959 terra
1135 909 1281 960 orta
1340 905 1461 969 est,
1504 907 1663 960 tunc
1719 897 1969 961 iustitia
2018 898 2102 959 de
2151 897 2295 961 celo
2340 898 2704 980 prospexit,
2743 909 2902 961 tunc

486 985 805 1067 processit
857 1003 1142 1066 sponsus
1191 985 1275 1048 de
1324 983 1623 1047 thalamo
1672 1004 1812 1060 su0‚
1852 985 1979 1047 hoc
2021 993 2121 1046 est
2151 985 2425 1047 verbum
2460 986 2567 1048 dei
2602 985 2685 1046 de
2715 994 2902 1049 vtero

484 1072 805 1153 virginali.
899 1072 1226 1135 Processit
1285 1072 1463 1134 enim
1548 1091 1700 1133 cum
1763 1092 2009 1155 sponsa
2091 1092 2213 1134 sua
2294 1073 2589 1145 ecclesia,
2638 1071 2704 1134 id
2782 1083 2901 1148 est,

485 1159 847 1221 humanam
897 1178 1163 1221 carnem
1210 1158 1519 1240 suscepit.
1610 1159 1723 1221 Ad
1766 1160 1945 1235 istaS,
1974 1179 2134 1240 ergo
2164 1169 2303 1221 tam
2337 1168 2602 1222 sanctas
2636 1161 2902 1240 nuptias

484 1246 766 1322 inuitati,
790 1255 857 1308 et
903 1245 989 1308 ad
1022 1247 1403 1308 conuiuium
1438 1246 1643 1327 patris
1677 1255 1745 1308 et
1775 1245 1891 1327 filij
1926 1257 1994 1308 et
2026 1247 2295 1328 spiritus
2328 1248 2539 1310 sancti
2574 1247 2896 1323 intraturi,

485 1333 706 1395 videte
795 1331 1130 1415 qualibus2
1229 1331 1638 1395 indumentis
1729 1333 2095 1396 debeamus
2199 1335 2434 1396 ornari.
2549 1333 2640 1395 Et
2745 1335 2897 1396 ideo

486 1421 886 1482 mundemus
931 1429 1255 1501 quantum
1301 1439 1653 1501 possumus
1686 1441 1837 1482 cum
1872 1419 1979 1482 dei
2012 1420 2339 1483 adiutorio
2370 1421 2571 1483 corda
2603 1419 2798 1483 simul
2829 1430 2898 1484 et

481 1528 759 1589 corpora
804 1518 1046 1581 nostra,
1071 1516 1145 1569 vt
1190 1506 1448 1569 celestis
1494 1506 1603 1568 ille
1649 1507 1965 1570 inuitator
2010 1507 2170 1569 nihil
2216 1508 2279 1570 in
2316 1506 2507 1570 nobis
2538 1506 2898 1585 sordidum,

482 1595 643 1657 nihil
705 1594 949 1670 fedum,
1025 1593 1186 1657 nihil
1262 1592 1645 1657 obscurum³
1720 1593 1881 1656 nihil
1957 1595 2167 1657 oculis
2242 1596 2377 1658 suis
2442 1594 2900 1677 deprehendat

481 1680 846 1764 indignum.

1081 1816 1282 1879 Feria
1314 1817 1426 1899 ,iili
1516 1838 1598 1880 ex
1622 1817 1856 1880 Isaia.⁴
1941 1816 2179 1880 Lectio⁵
2211 1835 2287 1882 .1.

485 1931 878 2059 VErbum
911 1930 1092 2012 quod
1123 1929 1291 1992 vidit
1327 1930 1536 1992 Isaias
1685 1929 1997 1992 dominus
2027 1929 2208 1993 solus
2241 1931 2306 1993 in
2341 1931 2448 1993 die
2480 1930 2606 1995 illa.

1075 2138 1142 2209 (Ι
1192 2132 1562 2195 Secundum
1593 2131 1884 2197 Lucam.³
1970 2131 2183 2195 Lectio
2213 2132 2298 2214 JJ.

498 2245 900 2375 ELisabet
944 2253 1168 2308 autem
1219 2243 1564 2326 impletum
1630 2253 1731 2307 est
1792 2253 2057 2327 tempus
2109 2245 2448 2326 pariendi:
2515 2257 2583 2309 et
2636 2247 2893 2330 peperit

653 2332 859 2396 filium
1008 2342 1077 2396 et
1122 2341 1263 2395 erat
1308 2332 1372 2394 in
1421 2331 1698 2394 desertis
1743 2351 1950 2413 vsque
1997 2332 2063 2394 in
2110 2331 2287 2394 diem
2335 2335 2734 2397 ostensionis
2776 2356 2892 2398 sue

480 2422 567 2484 ad
605 2418 851 2484 Israel.⁶

611 2514 677 2584 ΙΙ
728 2507 1013 2589 Sequens
1064 2506 1257 2568 tertia
1307 2505 1484 2568 lectio
1536 2505 1803 2568 dicenda
1854 2516 1950 2568 est
2001 2505 2069 2568 in
2114 2506 2411 2569 omnibus
2447 2508 2660 2591 tertijs
2685 2509 2894 2590 feriJs

478 2596 798 2659 aduentus
873 2593 942 2656 in
1000 2592 1233 2676 quibus
1289 2592 1542 2656 nullum
1573 2589 1874 2657 occurrit7
1926 2593 2200 2673 fistum,
2273 2594 2587 2677 excipitur
2655 2596 2890 2679 vigilio

480 2681 858 2746 natiuitatis
884 2682 952 2744 si
977 2681 1277 2744 inciderit
1304 2681 1374 2742 in
1386 2681 1576 2761 seria
1607 2681 1816 2744 tertia.

608 2776 675 2847 ΙΙ
704 2770 819 2832 Ex
842 2788 1129 2831 sermone
1155 2768 1370 2830 sancti
1396 2767 1771 2849 Augustini
1793 2768 2073 2850 episcopi.

1460 2927 1675 2991 Lectio
1704 2928 1915 2991 tertia.

623 3043 830 3106 Vdite
905 3040 1154 3117 fratres,
1213 3038 1440 3103 audite
1513 3060 1645 3102 non
1725 3059 1947 3102 meum
2022 3042 2137 3102 sed
2214 3042 2468 3105 domini
2533 3063 2888 3106 commune

652 3138 1055 3213 preceptum.
1147 3127 1257 3192 Sic
1304 3128 1480 3189 enim
1529 3127 1622 3189 ait
1661 3127 1727 3189 in
1758 3127 2124 3209 euangeliO,
2156 3149 2305 3191 cum
2342 3129 2501 3192 sacis
2532 3132 2885 3211 prandium

476 3228 591 3281 aut
631 3236 885 3292 cenam,
919 3215 1051 3278 noli
1087 3216 1367 3277 inuitare
1397 3214 1641 3276 diuites
1672 3214 1788 3296 qui
1820 3224 1885 3275 te
1917 3214 2153 3277 iterum
2188 3216 2489 3291 innitent,
2519 3228 2587 3280 et
2618 3217 2734 3280 fiat
2767 3220 2886 3282 tibi

475 3304 835 3379 retributio,
866 3302 982 3365 sed
1013 3321 1181 3364 voca
1224 3321 1549 3384 pauperes
1594 3311 1663 3365 et
1693 3300 1983 3377 claudOS‚
2014 3311 2080 3365 et
2122 3302 2356 3365 beatus
2388 3304 2533 3382 eriS,
2563 3306 2719 3387 quia
2755 3326 2886 3368 non

473 3392 723 3455 habent
753 3392 930 3453 vnde
960 3390 1325 3452 retribuant
1358 3388 1495 3465 tibi,
1526 3386 1921 3450 retribuetur
1950 3398 2173 3452 autem
2207 3388 2325 3452 tibi
2360 3391 2426 3453 in
2460 3392 2889 3456 retributione

473 3480 812 3541 iustorum.
877 3476 1011 3541 Sed
1043 3477 1219 3539 dicet
1248 3474 1505 3557 aliqui5‚
1532 3475 1715 3557 Ergo
1745 3474 1996 3538 amicos
2027 3485 2142 3539 aut
2173 3487 2482 3557 parentes
2515 3498 2647 3541 non
2674 3479 2888 3543 debeo

472 3567 558 3628 ad
591 3565 969 3628 conuiuium
1005 3568 1358 3626 reuocare?
1453 3563 1764 3642 Rogandi
1798 3572 1954 3625 sunt
1984 3572 2051 3625 et
2083 3574 2392 3645 parentes
2422 3574 2490 3627 et
2520 3566 2735 3642 vicini,
2766 3567 2884 3630 sed

473 3653 679 3715 rarius
726 3651 1004 3732 rogandi
1049 3660 1223 3713 sunt.
1316 3650 1406 3711 Et
1453 3668 1585 3711 non
1633 3648 1832 3711 nimis
1878 3661 2273 3731 sumptuosa
2308 3662 2376 3714 et
2408 3651 2731 3730 delitiosa,
2763 3654 2881 3717 sed
2921 3676 2924 3681 ’

472 3750 610 3803 tam
660 3758 859 3821 parca
903 3745 971 3800 et
1017 3736 1237 3800 sobria
1266 3736 1370 3798 vel
1416 3735 1698 3798 honesta
1746 3735 1873 3798 illis
1917 3735 2166 3799 debent
2207 3739 2515 3801 conuiuia
2547 3742 2881 3822 preparari

470 3838 543 3891 vt
589 3821 957 3889 remaneat⁸
993 3823 1170 3886 vnde
1223 3824 1480 3905 possint
1527 3841 1851 3905 pauperes
1899 3823 2093 3901 refici,
2137 3824 2314 3887 vnde
2373 3828 2584 3908 possit
2629 3827 2878 3910 aliquid

472 3913 923 3995 indigentibus
969 3911 1243 3992 erogari,
1273 3919 1345 3972 vt
1391 3929 1542 3972 cum
1591 3910 1733 3971 dies
1765 3909 1985 3991 iudicij
2021 3912 2272 3973 venerit
2304 3932 2437 3974 non
2468 3933 2620 3976 cum
2655 3915 2878 3997 impijs

471 4002 584 4082 qui
671 4019 848 4062 nunc
933 4017 1256 4081 pauperes
1331 3997 1723 4078 despiciunt,
1796 3997 2164 4074 audiamus,
2240 3998 2583 4063 Discedite
2656 4022 2696 4064 a
2773 4022 2880 4065 me

471 4086 805 4150 maledicti
853 4086 920 4149 in
967 4086 1187 4167 ignem
1236 4093 1598 4147 eternum:
1668 4085 1784 4146 sed
1832 4104 1983 4146 cum
2030 4085 2220 4147 iustis
2249 4098 2316 4149 et
2349 4087 2880 4152 misericordibus

468 4174 699 4238 audire
745 4192 1130 4246 mereamur,
1162 4170 1406 4234 Venite
1450 4170 1783 4234 benedicti
1830 4172 2039 4253 patris
2072 4173 2200 4235 mei
2232 4173 2552 4256 percipite
2582 4195 2880 4258 regnum,

565 4358 581 4390 ¹
616 4358 805 4409 natali:
834 4370 920 4435 ‘39.
950 4365 1044 4406 etc.
1243 4352 1267 4385 ²
1292 4353 1508 4431 fluibus:
1546 4366 1623 4418 39.
1653 4367 1732 4415 41.
1934 4352 1956 4385 ⁸
1987 4356 2310 4406 obsooenum:
2344 4357 2426 4421 63.
2454 4357 2533 4409 66.

563 4424 584 4455 ⁴
617 4424 742 4489 Cap.
773 4436 802 4473 2
822 4439 879 4471 m
902 4438 967 4472 m.
993 4438 1087 4498 orn.
1117 4433 1194 4485 39.
1265 4420 1340 4481 [u.
1376 4419 1543 4482 1-11.]
1932 4417 1954 4449 ⁸
1985 4419 2055 4482 [1.
2086 4420 2288 4499 57—8o.]

561 4488 584 4521 ⁶
615 4491 694 4539 Tu
716 4497 883 4538 autem
905 4488 1141 4537 domme:
1176 4487 1287 4537 add
1312 4498 1391 4550 39.
1414 4497 1494 4547 41.
1899 4506 1902 4507 ⁷
1937 4482 1959 4516 ⁷
1991 4495 2297 4537 occurret-att
2334 4499 2413 4551 39.
2443 4498 2537 4540 etc.

562 4553 583 4587 ⁸
616 4563 937 4606 remaneant:
961 4552 1041 4603 61.
1063 4552 1144 4615 64.
