3293 5225
532 441 629 491 244
1315 429 1503 479 ocra
1521 429 1608 478 VA
1655 428 2153 478 EPJPHANJAE.
2720 428 2867 490 [uu.
2898 438 2945 490 7.

537 583 827 666 perfecte
871 592 1044 647 esset
1088 583 1285 646 etatis
1314 581 1563 646 eisdem
1598 583 1909 664 gentibus
1954 582 2238 665 apostoli
2272 583 2632 663 predicant,
2662 601 2952 662 eumque

537 671 909 753 paruulum,
940 681 1006 733 et
1053 669 1338 733 necdum
1388 690 1504 751 per
1547 670 1824 732 humani
1869 671 2161 753 corporis
2206 670 2496 733 officium
2544 670 2950 751 loquentem,

533 758 729 821 stella
804 758 1113 840 gentibus
1188 757 1564 833 denunciat,
1637 755 1731 820 etl
1806 758 1960 839 quia
2053 757 2359 820 nimirum
2438 758 2710 819 rationis
2784 755 2951 818 ordo

538 847 856 926 poscebat
900 855 973 907 vt
1017 844 1398 925 loquentem
1447 845 1791 907 dominum
1855 844 2202 925 loquentes
2249 845 2456 921 nobiS,
2502 844 2952 928 predicatores

535 933 1046 1006 innotescerent,
1079 941 1148 995 et
1177 932 1460 994 necdum
1497 930 1878 1011 loquentem
1912 931 2243 994 elementa
2276 930 2487 995 muta²
2519 933 2955 1014 predicarent.

537 1018 678 1083 Sed
728 1021 790 1082 in
839 1018 1147 1082 omnibus
1196 1019 1398 1100 signis
1444 1039 1573 1099 que
1622 1019 1722 1080 vel
1780 1027 2095 1081 nascente
2139 1020 2415 1082 domino
2460 1018 2563 1081 vel
2627 1019 2951 1081 moriente

537 1117 908 1170 monstrata
983 1115 1140 1169 sunt
1211 1105 1766 1168 considerandum
1845 1105 2036 1168 nobis
2095 1117 2215 1181 est,
2290 1116 2542 1187 quanta
2617 1105 2810 1168 suerit
2886 1104 2950 1165 in

533 1194 957 1275 quorundam
996 1194 1349 1256 Iudeorum
1383 1192 1580 1255 corde
1611 1192 1871 1268 duritia,
1901 1191 2056 1274 que³
2086 1192 2261 1255 hunc
2308 1213 2428 1256 nec
2460 1213 2577 1275 per
2606 1192 2954 1275 prophetie

538 1280 811 1356 donum,
842 1301 963 1342 nec
996 1301 1113 1362 per
1144 1278 1459 1342 miracula
1519 1291 1956 1361 agnouerunt.
2048 1278 2294 1343 Omnia
2340 1281 2588 1362 quippe
2619 1280 2953 1343 elementa

537 1379 875 1431 auctorem
924 1388 1114 1430 suum
1162 1367 1421 1429 venisse
1449 1376 1694 1429 testata
1740 1377 1911 1430 sunt.
2000 1366 2098 1429 Vt
2142 1369 2318 1430 enim
2382 1368 2466 1429 de
2510 1368 2613 1429 his
2658 1366 2952 1449 quodam

533 1476 656 1517 vsu
721 1456 1015 1518 humano
1069 1455 1318 1535 loquar,
1377 1455 1577 1516 deum
1634 1455 1810 1516 hunc
1870 1453 1990 1516 celi
2051 1474 2196 1516 esse
2257 1464 2751 1538 cognouerunt:
2798 1453 2954 1535 quia

533 1543 842 1624 protinus
873 1541 1131 1604 stellam
1175 1542 1509 1604 miserunt.
1605 1541 1793 1603 Mare
1825 1541 2142 1622 cognouit
2173 1543 2328 1623 quia
2367 1542 2491 1604 sub
2523 1541 2766 1624 plantis
2797 1542 2955 1614 eiuS,

531 1649 611 1692 se
704 1628 1020 1692 calcabile
1108 1628 1382 1710 prebuit.
1502 1628 1707 1690 Terra
1797 1629 2133 1710 cognouit,
2207 1630 2363 1710 quia
2455 1650 2536 1691 eo
2630 1629 2954 1691 moriente

533 1716 958 1779 contremuit.
1079 1714 1195 1779 Sol
1266 1716 1597 1796 cognouit,
1668 1716 1823 1796 quia
1885 1715 2048 1778 lucis
2109 1735 2225 1777 sue
2297 1715 2514 1779 radios
2583 1714 2955 1778 abscondit.

535 1803 728 1867 Saxa
778 1815 844 1866 et
899 1803 1183 1885 parietes
1236 1813 1695 1884 agnouerunt:
1743 1803 1898 1883 quia
1951 1812 2250 1885 tempore
2306 1804 2536 1866 mortis
2581 1823 2700 1865 sue
2754 1803 2954 1864 scissa

537 1901 711 1953 sunt.
838 1890 1141 1952 Infernus
1218 1890 1514 1970 agnouit,
1588 1889 1744 1970 quia
1820 1889 1943 1951 hos
2027 1910 2194 1971 quos
2272 1890 2542 1953 tenebat
2618 1901 2954 1952 mortuos:

537 1977 844 2040 reddidit.
968 1976 1058 2039 Et
1134 1986 1360 2038 tamen
1438 1977 1613 2038 hunc
1689 1996 1887 2057 quem
1964 1977 2162 2039 deum
2246 1979 2473 2039 omnia
2549 1975 2955 2039 insensibilia

540 2064 872 2127 elementa
935 2071 1324 2126 senserunt:
1371 2062 1590 2125 adhuc
1646 2062 2010 2126 infidelium
2073 2063 2427 2127 Iudeorum
2472 2063 2675 2126 corda
2731 2064 2954 2125 Deum

534 2173 684 2214 esse
731 2152 1004 2213 minime
1036 2159 1470 2232 cognoscunt,
1499 2160 1567 2212 et
1614 2149 1877 2213 duriora
1910 2149 2092 2212 saxis
2126 2152 2336 2213 scindi
2384 2152 2469 2213 ad
2518 2151 2955 2233 penitentiam

538 2239 775 2301 nolunt
806 2262 818 2300 :
851 2257 1138 2318 eumque
1168 2236 1464 2299 confiteri
1496 2237 1871 2318 abnegant:
1918 2258 2117 2319 quem
2140 2238 2469 2300 elementa
2501 2239 2600 2320 (vt
2632 2237 2958 2317 diximus)

535 2337 657 2389 aut
688 2327 893 2409 signis
923 2335 1040 2387 aut
1072 2325 1492 2387 scissionibus
1527 2324 1747 2387 Deum
1781 2324 2092 2387 clamant.

1492 2481 1560 2552 (Ι
1604 2477 1730 2538 Ad
1760 2477 1999 2541 laudeS.

673 2588 1069 2672 Antiphona.
1161 2588 1345 2651 Ante
1393 2586 1735 2651 luciferum
1770 2590 2049 2671 genituS,
2095 2599 2162 2653 et
2193 2600 2352 2653 ante
2397 2590 2617 2653 secula
2649 2591 2962 2654 dominus

541 2678 836 2742 saluator
867 2688 1090 2740 noster
1119 2675 1316 2737 hodie
1350 2675 1600 2738 mundo
1631 2679 1941 2759 apparuit
1973 2677 2282 2740 halleluia
2314 2678 2641 2741 halleluia.

1471 2842 1539 2913 (Ι
1584 2837 1644 2898 Α
1656 2838 1708 2898 a'
1731 2849 2038 2918 vesperas,

679 2951 1007 3031 Hymnus,
1103 2949 1340 3011 Hostis
1375 2948 1700 3023 HerodeS,
1733 2960 1806 3012 vt
1832 2961 2046 3030 supra.

683 3036 1076 3118 Antipbona.
1168 3036 1407 3098 Tribus
1435 3036 1764 3098 miraculis
1795 3048 2103 3100 ornatum
2136 3038 2312 3101 diem
2339 3050 2643 3102 sanctum
2671 3040 2967 3103 colimuS.

555 3126 782 3188 Hodie
829 3123 1019 3186 stella
1053 3144 1287 3205 magos
1334 3123 1531 3185 duxit
1576 3123 1664 3185 ad
1699 3125 2090 3206 presepium,
2137 3126 2335 3189 hodie
2380 3127 2606 3189 vinum
2655 3148 2744 3189 ex
2792 3147 2965 3209 aqua

552 3214 800 3276 sactum
863 3220 963 3273 est
1012 3212 1097 3273 ad
1161 3211 1466 3291 nuptias:
1514 3210 1712 3273 hodie
1771 3232 1811 3273 a
1872 3211 2124 3274 Ioanne
2186 3214 2250 3274 in
2319 3214 2602 3277 Iordane
2664 3213 2967 3277 Christus

552 3300 875 3382 baptizari
907 3297 1116 3359 voluit
1145 3307 1217 3359 vt
1248 3296 1535 3360 saluaret
1566 3317 1689 3359 nos
1719 3297 2047 3362 halleluia.

686 3392 752 3461 (Ι
797 3385 939 3447 Hec
966 3384 1344 3463 Anttplzona
1374 3383 1618 3445 dicitur
1642 3384 1739 3446 ad
1762 3397 2055 3467 vesperas
2094 3386 2281 3466 infra
2309 3397 2619 3451 octauam.

687 3479 753 3548 (Ι
799 3472 1181 3535 Notandum
1225 3470 1400 3552 quod
1420 3471 1678 3533 cuilibet
1719 3472 1854 3533 diei
1865 3484 1995 3553 per
2020 3482 2217 3535 totam
2250 3484 2540 3537 octauam
2586 3475 2975 3556 assignatur

539 3560 817 3645 propria
863 3559 1056 3620 tertia
1098 3558 1290 3633 lecti0,
1324 3567 1536 3619 tamen
1581 3579 1723 3619 cum
1756 3559 2057 3621 inciderit
2096 3560 2417 3622 domim'ca
2462 3561 2648 3641 infra
2677 3571 2971 3623 octauam

557 3646 922 3729 Epiphanio?
964 3644 1295 3707 omittitur
1321 3645 1514 3706 tertia
1558 3645 1734 3707 lectio
1764 3647 1842 3707 de
1870 3656 2111 3723 octaua,
2155 3657 2218 3708 et
2244 3648 2488 3729 legitur
2527 3648 2605 3710 de
2648 3649 2969 3711 dominica

558 3736 743 3815 infra
773 3743 1081 3807 octauam,
1112 3741 1187 3793 vt
1214 3730 1311 3793 ibi
1334 3731 1637 3796 inuenies,

1195 3889 1263 3960 (Ι
1306 3884 1438 3947 Die
1466 3898 1539 3962 .7.
1570 3884 1648 3946 de
1677 3886 1927 3947 octaua*
1954 3885 2325 3969 epiphanie.5

958 3997 1170 4059 Lectio
1201 3997 1310 4077 jis.
1342 4017 1422 4057 ex
1446 3996 1530 4058 H
1524 3996 1749 4058 emilia
1782 3997 2030 4061 sancta⁰
2068 3998 2377 4081 Gregonj
2387 4011 2568 4081 pape.

712 4110 801 4175 Ui
863 4109 1064 4172 etiam
1123 4107 1210 4171 ad
1270 4106 1720 4171 damnationis
1765 4130 1881 4173 sue
1940 4110 2202 4174 culmen
2263 4132 2414 4175 eum
2477 4132 2676 4193 quem
2738 4123 2971 4176 natum

739 4198 1130 4279 despiciunt,
1190 4195 1593 4259 nasciturum
1656 4195 1855 4279 longe
1923 4209 2080 4261 ante
2141 4200 2564 4281 prescierunt.
2684 4200 2775 4263 Et
2836 4220 2970 4263 non

659 4358 678 4390 ¹
711 4376 805 4409 om.
836 4371 914 4422 39.
942 4371 1021 4418 41.
1051 4358 1130 4407 60.
1864 4356 1887 4389 ²
1919 4360 2110 4410 multa:
2144 4374 2225 4421 44.
2253 4360 2333 4410 61.

648 4424 683 4520 Ξ
714 4425 833 4501 qui:
871 4436 949 4500 39.
978 4436 1058 4484 41.
1079 4423 1165 4513 ‘60.
1194 4422 1272 4486 63.
1867 4423 1891 4519 ἓ
1918 4426 2139 4473 octauis:
2172 4438 2251 4488 39.
2355 4492 2366 4502 ·
2384 4507 2395 4517 ι

716 4496 799 4540 die
825 4500 869 4550 7.
900 4506 956 4537 m
981 4505 1048 4538 m.
1072 4526 1082 4536 .
1110 4505 1204 4538 om.
1235 4487 1312 4552 38.
1923 4506 2019 4539 om.
2048 4503 2126 4554 39.
2198 4499 2359 4540 sancta
2376 4530 2387 4540 .
2428 4508 2585 4553 many
2602 4493 2707 4542 edd.
