3293 5225
877 512 1004 559 PS.-!
1015 511 1053 558 I.
1068 510 1391 558 TERJVM:
1448 509 1543 556 IN
1590 508 1819 556 FERIA
1880 508 2252 558 SECUNDA.
2717 519 2734 553 1
2751 518 2768 552 1

493 673 559 742 (1
584 665 962 728 Predictam
993 663 1346 741 symbolum
1379 662 1625 725 dicitur
1648 672 1897 742 semper
1921 661 2019 724 ad
2028 662 2324 742 primam
2360 661 2449 723 in¹
2484 682 2631 723 omn
2639 659 2781 721 ibus

356 754 583 816 diebus
598 763 1015 834 preterquam
1050 751 1117 812 in
1148 750 1502 824 dominicale,
1532 770 1609 811 ac
1636 750 1705 811 in
1737 749 1956 811 triduo
1985 760 2136 811 ante
2150 747 2437 829 pascha.'²

493 898 558 967 11
591 894 651 954 A
662 892 714 953 d
736 890 1045 952 tertiam.³
1136 886 1526 968 Antz‘pltona.
1621 887 1734 949 Ab
1765 886 2081 950 occultis*

1290 1031 1358 1100 ΙΙ
1389 1025 1704 1088 Psalmus
1734 1041 1783 1089 ,ι
1798 1041 1851 1104 3.

379 1142 657 1272 Dlxit
708 1141 1024 1223 insipiens
1076 1141 1138 1202 in
1195 1138 1392 1201 corde
1438 1159 1668 1201 suo
1707 1136 2040 1199 exultabit
2092 1136 2311 1210 Iacob,
2358 1145 2423 1197 et
2473 1134 2786 1196 letabitur

549 1229 767 1293 Israel.

1318 1312 1660 1374 '’Psalmus
1704 1313 1822 1375 .18.

371 1428 606 1560 CEii
640 1438 951 1490 enarrant
982 1427 1260 1509 gloriam
1295 1425 1400 1488 dei
1547 1434 1614 1486 et
1648 1424 2028 1505 redemptor
2060 1443 2260 1485 meus..

1322 1598 1664 1661 “Psalmus
1707 1616 1825 1677 .19.

384 1714 810 1843 Exaudiat
841 1724 908 1776 te
940 1714 1252 1775 dominus
1399 1731 1532 1792 qua
1564 1711 2122 1773 inuocauerimus⁷
2157 1721 2239 1773 te.

501 1887 895 1970 Antzplzona.
991 1888 1100 1949 Ab
1131 1885 1407 1949 occultis
1441 1887 1602 1947 meis
1639 1884 1889 1947 munda
1923 1905 2048 1961 me,
2078 1895 2146 1948 et
2177 1885 2262 1947 ab
2308 1883 2539 1946 alienis
2589 1903 2785 1965 parce

366 1997 562 2038 seruo
592 1978 753 2038 tu0.⁸

499 2119 567 2188 ΙΙ
596 2113 719 2175 Ad
738 2117 1028 2176 sextam.‘'
1118 2111 1511 2193 Antiphona.
1610 2112 1684 2173 ln
1721 2111 1918 2174 de0.¹⁰

1348 2249 1662 2311 Psalmus
1691 2298 1704 2311 .
1713 2251 1809 2328 38.

388 2362 633 2491 Dlxi
672 2387 684 2424 z
718 2361 1089 2425 custodiam
1123 2362 1262 2422 vias
1296 2380 1479 2422 meas
1627 2369 1695 2421 et
1741 2359 2026 2440 amplius
2059 2379 2189 2420 non
2225 2380 2353 2421 ero,

1308 2533 1673 2596 ¹¹Psalmus
1712 2536 1832 2598 ‚61.

538 2648 737 2712 Onne
804 2649 953 2711 Deo
1000 2649 1297 2710 subiecta
1343 2647 1465 2710 erit
1512 2649 1736 2710 anima
1787 2653 1983 2710 mea?
2164 2646 2398 2708 reddes
2433 2645 2788 2725 vnicuique

568 2738 758 2798 iuxta
790 2756 991 2818 opera
1024 2756 1155 2798 sua.

1284 2845 1646 2910 ¹²¹Psalmus
1676 2863 1724 2911 ,ι
1747 2865 1838 2925 14.

389 2959 714 3089 Dllexi‚
742 2958 1056 3041 quoniam
1091 2958 1409 3021 exaudiet
1439 2959 1751 3022 dominus
1899 2961 1961 3022 in
1997 2960 2265 3042 regione
2295 2959 2612 3021 viuorum.

503 3133 946 3214 [Μτίβὴτοηα.13
1042 3135 1116 3196 In
1152 3134 1278 3196 deo
1310 3134 1594 3196 salutare
1627 3145 1954 3208 meum,et
1984 3133 2195 3216 gloria
2228 3133 2442 3196 mea.¹¹

476 3255 490 3284 ¹
527 3272 620 3305 om.
714 3292 727 3305 .

473 3320 496 3350 ²
528 3254 746 3370 Dom3ifie
769 3322 950 3371 exaudi
971 3322 1262 3370 orationem.
1338 3325 1564 3371 Oremus.
1638 3322 1856 3371 Domine
1879 3323 2002 3372 deus
2019 3321 2356 3386 omnipotens.
2432 3320 2792 3370 Benedicamus

377 3387 600 3500 domirfiio.
671 3387 933 3436 Fidelium.
1010 3387 1247 3436 Pretiosa.
1322 3387 1504 3436 Sancta
1540 3387 1709 3436 maria.
1785 3389 1907 3436 Dies
1941 3398 1988 3436 et
2023 3396 2164 3436 actus
2198 3395 2393 3435 nostros
2429 3386 2478 3434 in
2513 3402 2598 3434 sua
2635 3402 2791 3450 pace:

380 3453 492 3500 add.
554 3464 599 3514 3.

472 3516 493 3546 ³
531 3518 675 3567 Pater
698 3528 880 3567 noster.
958 3520 1064 3566 Aue
1088 3517 1260 3567 maria.
1336 3518 1474 3567 Deus
1496 3518 1547 3566 in
1570 3517 1892 3567 adiutorium.
1965 3519 2114 3566 Nunc
2136 3527 2306 3567 sancte
2331 3529 2399 3577 .7.
2428 3536 2439 3565 z
2477 3518 2587 3565 add.
2617 3517 2697 3578 63.

476 3580 496 3611 ⁴
529 3581 686 3632 meis:
718 3584 830 3631 add.
861 3595 942 3645 39.

479 3649 704 3697 Psalmus
748 3649 812 3696 de
856 3649 1218 3713 peccatoribuS‚
1260 3658 1310 3698 et
1348 3648 1513 3713 prauis
1548 3648 1599 3697 in
1640 3648 1784 3697 malis
1828 3649 1928 3697 suis
1971 3649 2268 3698 obstinatis:
2319 3658 2366 3697 et
2405 3649 2685 3711 specialiter
2729 3650 2793 3697 de

381 3713 612 3776 gentibus
632 3723 682 3761 et
708 3712 890 3762 Iudaeis
914 3713 1197 3762 infidelibus
1219 3732 1230 3761 ε
1267 3715 1380 3762 add.
1410 3713 1488 3762 61.
1519 3723 1612 3763 etc.
2569 3761 2574 3764 .

478 3777 499 3806 ²
536 3779 759 3827 Psalmus
782 3779 845 3827 de
865 3779 1052 3829 Christi
1076 3778 1416 3828 incarnatione
1438 3795 1498 3827 ac
1519 3780 1635 3828 noui
1663 3778 1792 3843 regis
1814 3791 1862 3828 et
1899 3779 2120 3829 ecclesiae
2154 3779 2412 3828 catholicae
2441 3779 2793 3844 przedicatione

381 3859 437 3892 ac
458 3842 891 3893 commendatione
914 3861 927 3892 :
958 3852 1037 3906 pr.
1068 3843 1146 3893 61.
1169 3854 1263 3892 etc.

476 3907 498 3937 ⁶
531 3910 709 3958 Oratio
749 3925 841 3974 pro
881 3909 1082 3958 Christo
1120 3911 1199 3959 vel
1239 3909 1466 3968 ecclesia,
1493 3921 1544 3959 vt
1580 3926 1610 3957 a
1644 3910 1745 3959 suis
1780 3910 2185 3958 tribulationibus
2221 3911 2482 3969 releuetur‚
2522 3924 2571 3960 et
2608 3911 2656 3959 in
2693 3910 2794 3958 suis

384 3974 705 4039 petitionibus
727 3990 787 4023 ac
810 3974 939 4023 votis
962 3974 1284 4024 exaudiatur:
1314 3984 1396 4038 pr.
1424 3975 1505 4025 61.
1535 3984 1629 4023 etc.

472 4038 493 4069 ‘¹
526 4039 952 4089 inuacauerimus:
990 4052 1068 4102 39.
1754 4040 1777 4068 ὅ
1814 4042 2025 4089 Oratio:
2045 4042 2156 4088 achi.
2186 4040 2264 4102 63.

474 4102 497 4132 ⁹
531 4106 677 4154 Pater
697 4117 881 4155 noster.
952 4107 1065 4154 Aue
1088 4105 1256 4154 maria.
1332 4106 1469 4155 Deus
1491 4106 1542 4154 in
1564 4105 1887 4164 adiutorium,
1926 4106 2109 4155 Rector
2131 4116 2311 4170 potens
2335 4119 2422 4167 ‚92
2457 4108 2568 4155 add.
2599 4107 2676 4170 63.

480 4167 517 4198 ¹⁰
553 4172 779 4219 Psalmus
816 4170 880 4220 de
920 4170 1147 4220 custodia
1186 4170 1383 4234 linguae.
1410 4187 1469 4220 ac
1508 4173 1571 4219 de
1605 4171 1825 4220 vanitate
1859 4181 1908 4220 et
1948 4171 2145 4221 miseria
2180 4170 2294 4219 vitae
2331 4172 2575 4230 humanae,
2627 4173 2794 4221 multis

384 4234 766 4284 aduersitatibus
789 4245 835 4284 et
862 4236 1167 4284 vanitatibus
1188 4234 1421 4285 subiectae
1444 4255 1457 4286 z
1492 4237 1603 4285 add.
1633 4235 1713 4285 61.
1744 4247 1839 4285 etc.

478 4298 513 4329 ¹¹
553 4301 777 4350 Psalmus
796 4300 861 4350 de
883 4301 1170 4350 obedientia
1195 4301 1307 4349 Deo
1329 4301 1516 4359 debita,
1542 4310 1592 4350 et
1615 4300 1668 4350 in
1691 4301 2010 4351 tribulatione
2033 4300 2289 4366 patientia,
2316 4317 2376 4350 ac
2404 4302 2467 4350 de
2490 4302 2795 4352 confidentia

386 4366 433 4413 in
460 4365 573 4414 Deo
596 4365 747 4425 bona,
773 4366 862 4416 sed
888 4366 938 4414 in
963 4366 1250 4414 hominibus
1272 4375 1323 4414 et
1345 4366 1553 4415 terrenis
1574 4366 1807 4416 omnibus
1829 4383 1988 4415 vana:
2017 4375 2100 4429 pr.
2130 4366 2208 4415 61.
2239 4377 2331 4415 etc.

476 4428 517 4459 ¹²
554 4431 775 4479 Psalmuz
818 4430 883 4479 de
926 4430 1193 4495 gratiarum
1239 4431 1454 4489 actione,
1501 4446 1594 4495 pro
1643 4431 1958 4481 exauditione
2013 4431 2253 4481 orationis
2310 4432 2500 4481 liberati
2541 4448 2570 4479 a
2625 4433 2793 4481 multis

384 4495 631 4559 periculis,
656 4507 705 4545 et
729 4496 793 4545 de
813 4497 1039 4545 oratione
1062 4511 1155 4561 pro
1177 4495 1345 4571 requie
1368 4495 1669 4546 inuenienda
1692 4508 1804 4562 post
1829 4495 2112 4546 huiusmodi
2136 4497 2427 4547 beneficium
2455 4498 2792 4547 liberationis:

374 4570 456 4622 pr.
484 4561 564 4610 61.
592 4573 688 4610 etc.
1232 4560 1270 4589 ω
1301 4578 1393 4610 om.
1426 4560 1503 4625 38.
2007 4561 2046 4591 ¹⁴
2084 4563 2290 4611 Oratio:
2323 4565 2434 4611 add.
2463 4563 2542 4625 63.
