3293 5225
492 403 588 464 264
654 405 706 453 S.
754 405 1121 455 COINTHA:
1164 407 1220 455 S.
1260 406 1723 458 APOLLONJA:
1761 407 2172 456 CATHEDRA
2208 407 2262 455 S.
2304 407 2551 456 PETRI.
2623 405 2775 467 [FER.
2818 419 2901 457 22.

495 557 669 620 beati
719 560 1188 641 numerosique
1242 560 1537 640 martyrij
1590 559 1786 622 simul
1821 560 1906 622 ab
1946 560 2255 623 vniuersa
2286 560 2556 624 ciuitate
2586 562 2898 643 suscepti,

493 655 729 707 auctor
776 656 844 709 et
894 647 1036 710 dux
1090 647 1319 711 extitit
1349 648 1447 709 vir
1494 647 1760 729 pietate,
1805 658 1873 710 et
1904 647 2254 728 religione,
2303 647 2897 730 magnitudineque

494 733 697 795 animi
752 733 966 796 clarus
1014 733 1364 797 Adauctus
1418 733 1624 797 Italus
1674 735 1960 797 natione.
2053 732 2187 816 Qui
2235 734 2462 797 multis
2534 734 2896 798 honoribus

494 818 850 901 reipublice
912 821 1196 896 sunctuS,
1257 831 1414 883 tunc
1475 841 1743 903 quoque
1791 821 2128 903 publicum
2178 842 2420 884 munus
2468 823 2533 884 in
2579 821 2693 885 illa
2738 822 2897 885 vrbe

495 905 1021 972 administrabat.
1116 907 1335 970 Huius
1366 909 1544 971 enim
1579 910 1642 970 in
1693 907 2107 970 confessione
2156 908 2397 972 Christi
2444 910 2892 972 constantiam

494 993 711 1055 omnis
775 996 1058 1078 populus
1132 1005 1396 1058 secutus
1469 1006 1571 1058 est
1644 1015 1857 1076 eoque
1932 993 2101 1057 duce
2177 995 2519 1058 clarissimi
2595 996 2892 1078 martyrij

495 1078 787 1161 palmam
823 1082 1107 1165 adeptus
1145 1081 1271 1163 .vij.
1310 1082 1470 1145 Idus
1505 1081 1869 1162 Februarij.

926 1250 993 1320 (I
1044 1244 1103 1310 C
1094 1243 1342 1307 ointlta1
1391 1245 1575 1326 virgo
1622 1243 1920 1326 margyr.52
2008 1246 2222 1308 Lectio
2253 1245 2462 1308 tertia.

501 1368 1026 1500 ALexandrie
1062 1369 1271 1432 Decio
1303 1369 1699 1451 imperatore
1733 1379 1922 1432 tanta
1953 1369 2018 1432 in
2069 1368 2482 1434 Christianos
2531 1371 2899 1453 persecutio

683 1468 921 1520 exorta
983 1467 1103 1532 est,
1176 1467 1243 1519 vt
1307 1456 1556 1519 nullum
1621 1456 1925 1519 fidelibus
1996 1458 2119 1519 iter
2185 1477 2306 1519 nec
2356 1457 2482 1533 die,
2532 1477 2652 1519 nec
2702 1467 2897 1519 nocte

496 1542 794 1625 pateret.⁸
887 1544 1063 1606 Nam
1095 1545 1475 1625 quicunque
1506 1564 1546 1605 a
1578 1543 1836 1606 furente
1869 1543 2119 1625 populo
2152 1545 2671 1627 comprehensus
2719 1554 2898 1606 esset

494 1630 742 1693 indicta
801 1651 1002 1693 causa
1062 1631 1164 1693 vel
1229 1631 1507 1712 pedibus
1583 1631 1967 1693 trahebatur
2041 1630 2126 1693 ad
2206 1642 2506 1706 mortem,
2578 1631 2681 1694 vel
2760 1632 2897 1713 igni

493 1718 1032 1780 succendebatur.
1156 1716 1327 1781 Cum
1405 1717 1606 1798 igitur
1678 1717 2042 1779 demonum
2119 1718 2403 1781 stimulis
2477 1718 2896 1800 exagitatum

496 1804 732 1887 vulgus
766 1805 925 1866 nihil
961 1803 1159 1878 aliud,
1193 1824 1394 1885 quam
1430 1807 1688 1886 piorum
1744 1805 2138 1885 sanguinem
2195 1805 2423 1868 sitiret.
2514 1804 2902 1869 Cointham‘*

496 1891 817 1973 virginem
853 1891 1140 1954 nobilem
1176 1902 1567 1973 correptam,
1616 1902 1683 1954 et
1733 1893 1895 1953 deos
1948 1891 2225 1954 adorare
2279 1903 2712 1967 recusantem,
2763 1892 2899 1954 imo

496 1979 717 2060 potius
776 1992 1241 2042 execrantem:
1304 1980 1543 2040 vinctis
1619 1978 1899 2061 pedibus
1963 1999 2079 2060 per
2130 1999 2363 2041 omnes
2412 1980 2588 2042 vrbis
2643 1979 2897 2061 plateas

498 2066 768 2127 trahunt
838 2065 1122 2146 fedoque
1174 2078 1241 2128 et
1290 2065 1559 2128 horrido
1613 2065 1917 2147 supplicij
1975 2085 2216 2147 genere
2264 2065 2647 2149 discerpunt
2700 2078 2899 2129 sexto

496 2153 644 2215 idus
678 2153 730 2215 F
735 2152 1035 2234 ebruarij.

916 2320 983 2390 (I
1027 2314 1376 2396 Apollonia
1407 2315 1594 2396 virgo
1628 2314 1925 2395 martyr.⁵
2014 2315 2228 2377 Lectio
2260 2315 2470 2380 tertia.

646 2437 950 2503 Polonia⁶
993 2442 1182 2524 virgo
1227 2441 1294 2502 in
1340 2441 1500 2504 vrbe
1549 2440 2015 2503 Alexandrina
2047 2441 2343 2504 seuiente
2375 2442 2440 2502 in
2491 2440 2902 2505 Christianos

704 2538 1003 2610 tempore
1037 2527 1222 2607 Decij
1259 2528 1674 2610 imperatoris
1708 2529 2176 2610 persecutione,
2210 2548 2362 2590 cum
2397 2529 2530 2591 iam
2579 2525 2671 2590 inl
2713 2528 2900 2590 senili

497 2624 676 2678 etate
721 2637 761 2677 a
808 2616 1065 2679 furente
1116 2615 1365 2699 populo
1409 2626 1732 2698 correpta,
1778 2626 1846 2679 et
1892 2615 1976 2678 ad
2025 2615 2205 2679 idola
2255 2615 2573 2698 perducta
2627 2615 2900 2678 adorare

499 2713 866 2765 recusasset
899 2702 1135 2766 dentes
1165 2705 1224 2765 ci
1259 2704 1545 2785 primurn
1579 2702 1805 2765 effossi
1840 2713 1993 2765 sunt
2029 2722 2281 2779 omneS,
2304 2703 2547 2765 deinde
2569 2704 2900 2787 congestis

501 2788 717 2873 lignis,
776 2791 1181 2871 incensoque
1243 2810 1405 2873 rogo
1466 2790 1933 2853 combusturos
1995 2788 2091 2852 8se
2153 2789 2517 2852 minantur³
2562 2789 2901 2852 carnifices

501 2877 723 2939 viuam
756 2900 770 2939 :
820 2878 943 2939 nisi
978 2878 1316 2941 Christum
1351 2878 1696 2947 detestata,
1731 2878 1892 2939 deos
1925 2877 2174 2939 alienos
2228 2876 2548 2941 adoraret.
2640 2877 2739 2939 At
2791 2876 2902 2938 illa

496 2964 561 3025 in
596 2962 726 3025 fide
760 2964 1003 3027 Christi
1036 2966 1572 3027 constantissime
1593 2984 2036 3047 perseueranS,
2068 2963 2589 3027 crudelissimam
2618 2974 2900 3027 mortem

495 3051 714 3113 subire
749 3051 1018 3114 maluit:
1065 3071 1265 3132 quam
1300 3072 1339 3113 a
1369 3071 1525 3113 vera
1576 3053 1824 3133 pietate
1873 3050 2227 3114 discedere.
2325 3051 2577 3132 Itaque,
2630 3070 2901 3134 corpore

495 3139 866 3200 senissimis
917 3138 1201 3201 flammis
1261 3139 1636 3221 absumptO,
1715 3139 1999 3200 inuictus
2075 3140 2338 3220 spiritus
2400 3140 2464 3200 in
2541 3139 2755 3201 celum
2817 3137 2902 3200 ad

499 3225 792 3305 martyrij
829 3245 1144 3288 coronam
1176 3225 1469 3289 euolauit
1501 3247 1577 3289 .v.
1617 3225 1777 3288 Idus
1812 3226 1865 3287 F
1868 3225 2169 3306 ebruarij.

584 3391 650 3461 (I
687 3385 1011 3451 cathedra
1041 3386 1239 3450 Petri
1261 3387 1533 3468 apostoli
1559 3387 1795 3468 duplex
1822 3387 2041 3449 maius
2070 3386 2166 3448 ad
2182 3397 2490 3467 vesperas.
2579 3386 2905 3467 Hymnus.

645 3511 1065 3593 Vodcunque
1121 3511 1354 3574 vinclis
1405 3533 1604 3593 super
1652 3522 1892 3574 terram
1948 3511 2327 3574 strinxerit:
2392 3512 2538 3574 Erit
2588 3512 2653 3573 in
2710 3512 2903 3573 astris

689 3597 1038 3680 religatum
1072 3598 1342 3661 fortiter.
1437 3599 1526 3660 Et
1560 3602 1739 3680 quod
1778 3598 2043 3661 resoluit
2079 3598 2143 3661 in
2178 3599 2364 3662 terris
2396 3599 2681 3661 arbitrio.
2762 3599 2907 3661 Erit

497 3686 786 3748 solutum
821 3707 1018 3768 super
1048 3685 1167 3748 celi
1203 3685 1497 3748 radium:
1535 3686 1609 3749 In
1646 3685 1777 3749 fine
1811 3685 2040 3747 mundi
2075 3687 2279 3748 iudex
2313 3686 2437 3749 erit
2467 3686 2683 3748 seculi.

583 3771 813 3835 Gloria
873 3774 1044 3855 patri
1107 3794 1223 3855 per
1282 3774 1608 3835 immensa
1671 3772 1909 3836 secula.
1994 3771 2095 3836 Sit
2147 3774 2264 3835 tibi
2321 3783 2477 3835 nate
2533 3773 2777 3847 decus⁰,
2833 3783 2901 3836 et

499 3858 864 3942 imperium.
932 3861 1184 3936 Honor,
1220 3871 1515 3941 potestas
1545 3870 1911 3941 sanctoque
1944 3860 2196 3941 spiritui
2225 3884 2237 3922 :
2273 3858 2376 3922 Sit
2408 3860 2687 3922 trinitati
2725 3859 2904 3922 salus

496 3946 854 4009 indiuidua
951 3948 1073 4009 Per
1105 3947 1363 4010 infinita
1393 3946 1765 4009 seculorum
1798 3946 2033 4008 secula.
2126 3947 2368 4010 Amen.

578 4032 977 4116 Antzplmna.
1069 4034 1173 4097 Tu
1235 4055 1305 4096 es
1355 4044 1581 4116 pastor
1626 4035 1853 4096 ouium
1904 4035 2209 4117 princeps
2256 4033 2732 4116 apostolorum,
2781 4033 2903 4096 tibi

493 4121 734 4183 tradite
765 4131 920 4183 sunt
950 4120 1171 4183 claues
1204 4123 1387 4205 regni
1428 4121 1738 4184 celorum.

591 4329 608 4361 ¹
644 4331 921 4381 Corintha:
956 4344 1036 4394 43.
1435 4330 1458 4361 ²
1490 4332 1572 4381 die
1595 4330 1643 4380 8.
1673 4333 1731 4379 in
1754 4348 1819 4379 m.
2284 4330 2305 4360 ³
2338 4338 2566 4396 pareret:
2604 4329 2682 4394 38.

588 4394 610 4426 ‘²
643 4396 970 4446 Corintham:
1007 4409 1086 4459 43.
1436 4395 1458 4427 ⁶
1488 4396 1571 4446 die
1595 4410 1640 4459 9.
1673 4398 1730 4445 in
1753 4413 1818 4445 m.
2280 4392 2303 4425 ⁶
2336 4396 2636 4460 Apollonia:
2673 4394 2751 4459 38.
2782 4404 2878 4446 etc.

587 4458 609 4493 ⁷
641 4478 734 4510 om.
764 4475 840 4525 39.
1346 4459 1453 4499 ⁸—⁸
1484 4463 1822 4512 seminantur:
1859 4474 1938 4525 39.
2282 4459 2303 4490 ⁹
2335 4461 2493 4510 deus:
2531 4475 2609 4524 43.
2640 4461 2718 4511 61.
