3293 5225
575 402 672 456 372
1227 393 1280 441 S.
1330 390 1639 440 THOMAS
1675 390 2308 442 CANTUARIENSIS.
2756 389 2939 450 [Dec.
2969 401 3041 449 29.

672 600 740 672 (Ι
784 596 845 658 Α
853 595 908 657 d
928 606 1222 677 vesperas
1244 592 1548 677 hymnusl
1580 595 1660 657 de
1686 594 2016 656 communi
2024 594 2471 676 plurimorum
2506 603 2943 676 martyrum.

712 707 773 769 A
783 704 1122 788 ntiplzone.2
1246 705 1643 769 Innocentes
1712 726 1831 788 pro
1891 705 2155 770 Christo
2214 705 2504 770 infantes
2565 707 2795 769 occisi
2866 716 3042 780 sunt,

581 793 668 857 ab
700 794 926 875 iniquo
957 813 1109 876 rege
1141 792 1462 856 lactentes
1508 792 1831 855 inteifecti
1874 803 2046 866 sunt,
2079 794 2293 875 ipsum
2328 803 2715 874 sequuntur
2769 813 3037 875 agnum

582 883 721 943 sine
755 880 1015 943 macula
1043 890 1112 943 et
1141 880 1373 943 dicunt
1403 899 1681 962 semper,
1714 879 1940 943 Gloria
1972 879 2090 942 tibi
2122 880 2409 944 domine.

720 967 963 1031 Oratio.
1054 968 1239 1030 Deus
1269 965 1479 1029 cuius³
1508 967 1641 1030 etc!

716 1054 968 1117 Deinde
977 1055 1075 1138 fit
1099 1054 1607 1116 commemoratio
1637 1052 1741 1114 ⁵de
1769 1052 2140 1116 natiuitate⁵
2170 1054 2386 1116 sancti
2413 1051 2786 1136 Stepkam‘
2818 1055 3047 1117 sancti

583 1141 854 1204 Ioannis
882 1151 957 1204 vt
981 1152 1182 1223 supra
1212 1141 1280 1202 in
1312 1139 1629 1203 laudibus,

713 1234 779 1303 (Ι
824 1227 1207 1291 Notandum
1240 1227 1415 1308 quod
1436 1227 1581 1289 licet
1592 1224 1802 1307 sesta⁷
1846 1228 2062 1290 sancti
2112 1227 2347 1290 Thome
2397 1226 2940 1292 Cantuanknszk
2981 1239 3044 1289 et

582 1315 797 1378 sancti
826 1315 1141 1378 siluestre·
1162 1315 1300 1377 sint
1326 1314 1665 1395 simplicia,
1700 1324 1913 1376 tamen
1943 1315 2010 1377 si
2033 1314 2303 1395 aliquod
2324 1334 2543 1376 eorum
2567 1314 2911 1377 inciderit
2941 1315 3040 1376 in⁸

583 1402 920 1473 dominica,
952 1400 1225 1483 officium
1238 1401 1335 1484 fit
1362 1401 1440 1463 de
1449 1402 1645 1481 fest0,
1676 1411 1739 1464 et
1767 1401 1941 1464 nihil
1965 1401 2043 1463 a'e
2071 1401 2410 1464 dominica.

741 1570 807 1639 (I
852 1562 1168 1627 ”Thomas
1195 1562 1696 1646 archiepiscopus
1731 1562 2292 1629 Cantuan·ensz·.v.¹⁰
2379 1564 2592 1627 Lectio
2624 1565 2863 1629 tertia.

585 1677 984 1806 THomas
1008 1678 1277 1739 natione
1299 1676 1579 1758 AngluS,
1604 1686 1911 1758 suscepto
1936 1676 2503 1759 archiepiscopatu
2531 1674 3031 1764 Cantuariensi

761 1774 832 1826 vt
866 1765 930 1826 in
978 1763 1366 1826 cancellarie
1398 1763 1781 1826 muneribus
1811 1764 2137 1826 obeundis
2169 1772 2432 1826 strenue
2470 1783 2540 1826 se
2572 1775 2895 1845 gesserat
2932 1767 3031 1826 sic

578 1850 647 1914 in
723 1851 998 1913 ecclesia
1080 1850 1607 1913 administranda
1698 1850 1932 1913 fortem
2023 1860 2092 1913 et
2179 1860 2596 1913 constantem
2692 1852 3023 1914 animum

582 1939 881 2020 prestitit.
975 1937 1150 1999 Nam
1185 1957 1335 1999 cum
1370 1957 1488 1999 rex
1527 1936 1860 1999 Henricus
1890 1946 2122 2000 coacta
2159 1937 2419 2018 synodo
2451 1936 2632 2018 leges
2664 1938 3020 2017 quasdam

581 2024 745 2087 ferre
793 2024 1131 2087 moliretur
1175 2024 1502 2105 dignitati,
1532 2034 1600 2086 et
1645 2025 2018 2087 commodis
2063 2025 2337 2087 ecclesie
2384 2024 2819 2106 perniciosas
2869 2036 3018 2087 tam

580 2121 806 2174 sancte
837 2122 905 2174 et
936 2121 1316 2174 constanter
1354 2131 1424 2173 se
1470 2111 1820 2173 conatibus
1850 2112 1992 2173 eius
2037 2112 2366 2193 opposuit,
2414 2121 2483 2173 vt
2529 2110 2733 2173 nullis
2785 2132 3020 2192 neque

579 2198 1181 2280 pollicitationibus,
1213 2217 1427 2278 neque
1475 2199 1672 2260 minis
1718 2199 2003 2280 potuerit
2050 2198 2378 2261 deterreri.
2473 2196 2711 2278 Itaque
2759 2200 3018 2260 missus

579 2295 680 2348 est
713 2287 852 2368 ipse
884 2286 951 2347 in
982 2285 1278 2362 exilium,
1308 2295 1376 2347 et
1414 2294 1556 2347 tota
1586 2286 1729 2347 eius
1760 2286 2071 2365 cognatio
2118 2305 2324 2366 regno
2358 2282 2770 2346 excederet¹¹
2807 2285 3013 2358 iussa,

579 2383 968 2435 cunctorum
1047 2372 1237 2434 bonis
1313 2371 1681 2454 publicatis,
1818 2370 2031 2435 Sexto
2107 2382 2329 2434 autem
2407 2391 2585 2433 anno
2676 2391 2862 2453 papa
2943 2386 3013 2434 et

582 2459 924 2524 Gallorum
960 2479 1112 2540 rege
1146 2458 1704 2521 intercedentibus
1734 2458 1821 2520 ab
1850 2459 2055 2521 exilio
2085 2479 2237 2520 cum
2272 2459 2524 2537 ingenti
2571 2459 2782 2520 totius
2816 2460 3009 2540 regni

582 2546 1023 2630 gratulatione
1056 2556 1417 2623 reuocatur,
1451 2565 1700 2627 magno
1731 2554 1956 2608 tamen
1991 2545 2232 2608 scelere
2279 2555 2480 2626 atque
2526 2542 2757 2607 fraude
2808 2547 3007 2628 regis,

583 2634 717 2717 Qui
750 2633 982 2697 dolens
1015 2634 1367 2714 sacrilegos
1398 2653 1552 2695 suos
1583 2643 1864 2696 conatus
1895 2633 2156 2696 Thome
2189 2634 2543 2696 sanctitate
2574 2632 2660 2695 ad
2710 2633 3003 2696 nihilum

583 2721 906 2798 recidisse,
936 2720 1183 2783 violata
1215 2720 1344 2783 fide
1377 2720 1582 2782 mittit
1613 2730 2021 2782 armatorum
2056 2740 2348 2796 manum,
2394 2720 2506 2800 qui
2553 2740 2709 2782 eum
2759 2720 2829 2782 in
2878 2741 3006 2782 sua

581 2808 859 2872 ecclesia
901 2808 1321 2870 trucidarent.
1414 2806 1674 2889 Quibus
1720 2806 1828 2869 ille
1876 2807 2382 2870 aduenientibus
2429 2816 2653 2889 portas
2698 2807 3007 2883 ecclesie,

582 2915 748 2976 quas
779 2895 993 2957 clerici
1016 2894 1099 2956 ad
1120 2893 1573 2956 obsistendum
1597 2892 1986 2971 clauserant,
2012 2892 2341 2976 patefecit.
2363 2913 2564 2974 seque
2590 2894 3004 2975 intrepidum

583 2981 825 3044 obtulit
858 2980 1312 3063 iugulandum,
1336 2981 1459 3043 hoc
1485 2980 1845 3043 dumtaxat
1877 2991 2198 3063 precatuS,
2223 3001 2306 3043 ne
2338 3000 2604 3042 suorum
2637 2982 3006 3061 quisquam

585 3068 925 3131 lederetur.
1049 3069 1127 3130 In
1191 3087 1298 3130 me
1356 3066 1629 3149 (inquit)
1689 3087 1892 3130 vnum
1958 3067 2091 3130 tela
2149 3068 2534 3143 conuertite,
2610 3086 2741 3129 non
2815 3070 3004 3131 enim

587 3176 814 3218 recuso
858 3176 975 3237 pro
1006 3154 1112 3217 dei
1142 3153 1419 3217 ecclesia
1452 3164 1732 3217 mortem
1767 3165 2099 3237 oppetere.
2193 3154 2428 3235 ltaque
2475 3154 2669 3217 flexis
2714 3156 3011 3234 genibus

589 3242 809 3305 Deum
835 3242 1137 3318 adoranS,
1161 3240 1400 3322 gladijs
1426 3242 1779 3323 impiorum
1812 3241 2155 3304 confossus
2185 3241 2494 3304 occubuit
2525 3239 2651 3305 .V.¹2
2681 3241 3014 3305 calendas

590 3326 1048 3392 Decembris.¹⁸
1168 3328 1373 3392 Cuius
1431 3348 1671 3410 corpus
1733 3329 1798 3390 in
1859 3328 2093 3391 eadem
2155 3328 2431 3391 ecclesia
2490 3328 2840 3392 conditum
2906 3343 3016 3393 est

589 3415 1244 3499 magnificentissimo
1276 3414 1639 3498 sepulchro,

1670 3575 1912 3641 Oratio.

605 3689 883 3819 DEus
944 3709 1062 3771 pro
1093 3689 1277 3751 cuius
1336 3687 1611 3750 ecclesia
1666 3688 1989 3770 gloriosus
2043 3688 2348 3771 pontifex
2404 3687 2705 3750 Thomas
2763 3688 3026 3773 gladijs

784 3778 1136 3859 impiorum
1184 3774 1509 3851 occubuit,
1557 3785 1777 3857 presta
1826 3795 2223 3856 quesumus:
2286 3785 2359 3837 vt
2406 3794 2642 3837 omnes
2696 3778 2815 3856 qui
2871 3781 3026 3841 eius

591 3864 948 3945 implorant
1022 3862 1346 3924 auxilium
1426 3863 1762 3944 petitionis
1838 3859 2005 3924 sue¹4
2077 3863 2432 3925 salutarem
2508 3876 3029 3944 consequantur

586 3949 918 4013 effectum.
1010 3950 1148 4013 Per.

683 4135 702 4166 ¹
738 4137 848 4185 Rex
869 4135 1081 4199 gloriose
1106 4144 1374 4198 martyrum
1399 4153 1411 4184 ε
1446 4136 1558 4183 add.
1589 4147 1668 4196 39.
1697 4148 1776 4195 41.
1805 4149 1884 4195 44.
1913 4148 1995 4196 49.
2023 4135 2104 4184 61.
2133 4135 2212 4197 63.
2241 4135 2322 4196 64.
2352 4136 2424 4200 [p.
2451 4136 2587 4229 379}

681 4198 705 4231 ²
737 4201 1066 4266 Antiphona:
1103 4201 1182 4251 60.
1537 4198 1558 4229 ³
1589 4200 1862 4249 hodierna:
1897 4202 2009 4249 adei.
2039 4213 2116 4263 39.
2146 4214 2226 4261 41.
2504 4208 2561 4249 vt
2582 4209 2782 4264 supra:
2819 4217 2905 4267 39.
2938 4220 3025 4267 41.

679 4265 789 4363 ,εἶ’-5
822 4267 1114 4356 natiuitatis
1128 4281 1146 4314 .·
1180 4279 1256 4329 39.
1286 4278 1365 4327 41.
1535 4263 1561 4361 ζ
1587 4274 1669 4340 et:
1701 4267 1813 4314 add.
1844 4278 1923 4327 39.
1952 4279 2030 4326 41.
2442 4327 2463 4360 ⁹
2535 4331 2546 4341 ·
2731 4333 2744 4342 .

721 4331 911 4396 fistum
929 4369 939 4379 .
979 4330 1056 4394 38.
1593 4331 1677 4380 dle
1699 4368 1710 4380 .
1746 4332 1857 4379 add.
1888 4344 1966 4393 39.
2495 4330 2597 4381 dle.
2627 4344 2694 4393 29
2718 4350 2780 4380 ιη
2807 4351 2880 4385 m.

681 4394 721 4427 ¹⁰
753 4404 981 4459 martyr:
1013 4398 1125 4445 add.
1155 4408 1232 4459 39.
1261 4406 1355 4446 etc.
1537 4394 1574 4425 ¹¹
1610 4396 1883 4445 excedere:
1921 4395 1998 4458 38.
2029 4405 2123 4445 etc.

679 4460 719 4491 ¹²
751 4473 962 4523 quarto:
998 4474 1078 4525 43.
1107 4475 1187 4523 49.
1215 4461 1294 4512 60.
1325 4462 1403 4522 64.
1528 4458 1570 4490 ¹³
1605 4461 1853 4525 Ianuarij:
1890 4474 1969 4521 41.
1998 4474 2079 4525 43.
2108 4460 2185 4511 60.
2216 4461 2295 4525 63.
2326 4460 2403 4510 66.
2560 4458 2602 4490 ¹⁸
2636 4471 2724 4512 tue
2748 4482 2763 4512 ε
2793 4478 2880 4528 39.
