3293 5225
545 459 613 509 94
921 447 1162 496 SABBA
1178 447 1228 496 T
1225 447 1268 497 0
1321 437 1763 503 DOMINICAE
1817 449 1862 497 l.
1929 447 2600 507 QUADRAGESIMAE.

1112 657 1180 727 (Ι
1230 650 1599 714 Secundum
1630 648 1982 716 [οιιηηεηι.1
2075 651 2287 714 Lectio
2319 652 2404 734 ‚ill

570 763 876 893 ERant
909 771 1133 827 autem
1167 763 1441 845 quidam
1475 763 1763 845 gentiles
1912 764 2161 827 credite
2194 765 2258 827 in
2293 764 2528 843 lucem,
2551 777 2621 831 vt
2654 766 2767 850 filij
2805 767 2969 832 lucis

718 863 878 915 sms,

1092 967 1160 1037 ([
1215 961 1278 1023 T
1271 960 1461 1024 ertia2
1491 961 1670 1025 lectio
1697 963 2045 1024 secundum
2077 962 2430 1028 Ioannem.³

633 1076 695 1139 N
749 1074 863 1137 illo
913 1085 1252 1157 tempore:
1282 1073 1446 1137 Erat
1476 1073 1619 1137 dies
1675 1073 1881 1138 festus
1918 1073 2296 1149 Iudeorum,
2330 1085 2397 1138 et
2428 1078 2730 1141 ascendit
2785 1077 2967 1142 Iesus

664 1160 1225 1244 Hierosolymam.
1318 1161 1410 1223 Et
1443 1159 1710 1243 reliqua.

1065 1304 1133 1374 ([
1179 1296 1254 1359 H
1255 1296 1480 1360 omilia
1506 1296 1722 1361 sancti
1745 1297 2093 1379 augustini
2115 1297 2425 1380 Episcopi.

732 1410 911 1473 Irum
946 1430 1079 1473 non
1111 1429 1255 1472 esse
1287 1408 1488 1472 debet
1520 1430 1560 1471 a
1592 1408 1721 1472 deo
1753 1409 2002 1471 factum
2051 1410 2464 1488 miraculum,
2497 1411 2735 1476 mirum
2783 1415 2962 1477 enim

755 1507 929 1560 esset
961 1498 1013 1559 si
1048 1496 1253 1559 homo
1285 1495 1563 1559 fecisset.
1658 1496 1878 1577 Magis
1924 1499 2216 1578 gaudere
2262 1518 2463 1580 quam
2500 1501 2717 1563 mirari
2764 1501 2963 1565 debe-

549 1605 714 1660 muS,
746 1586 903 1666 quia
933 1583 1243 1647 dominus
1276 1594 1500 1646 noster
1530 1593 1598 1646 et
1629 1584 1923 1646 saluator
1962 1584 2143 1646 Iesus
2179 1584 2481 1649 Christus
2514 1588 2717 1650 homo
2749 1589 2961 1652 factus

545 1683 648 1736 est
680 1691 881 1753 quam
914 1671 1092 1754 quod
1127 1671 1356 1734 diuina
1389 1669 1707 1733 miracula
1740 1670 1910 1732 inter
1956 1669 2259 1734 homines
2307 1673 2494 1736 Deus
2542 1674 2711 1738 fecit.
2806 1676 2962 1739 Plus

548 1768 649 1822 est
679 1759 856 1821 enim
890 1759 974 1820 ad
1010 1757 1290 1820 salutem
1340 1767 1635 1820 nostram
1670 1755 1849 1838 quod
1898 1758 2147 1821 factum
2181 1768 2282 1821 est
2328 1771 2600 1843 propter
2637 1761 2962 1839 homines»,

543 1866 749 1928 quam
805 1844 984 1946 quod
1034 1845 1188 1908 fecit
1235 1844 1400 1907 deus
1433 1844 1604 1907 inter
1656 1843 1976 1908 homines.
2071 1845 2160 1908 Et
2213 1846 2362 1929 plus
2415 1860 2514 1910 est
2568 1847 2747 1930 quod
2797 1851 2960 1913 vitia

542 1934 808 1996 sanauit
858 1934 1229 1995 animarum
1308 1940 1702 2007 nostrarum,
1779 1951 1980 2013 quam
2042 1934 2222 2014 quod
2285 1936 2546 1998 sanauit
2609 1936 2960 2018 languores

544 2040 898 2101 corporum
934 2030 1361 2082 mortuorum.
1364 2017 1391 2056 ⁴
1480 2017 1614 2082 Sed
1666 2019 1823 2101 quia
1856 2019 1998 2119 ipsa
2045 2022 2271 2083 anima
2304 2042 2437 2084 non
2473 2043 2626 2085 eum
2681 2033 2960 2087 nouerat

542 2127 586 2169 a
617 2127 751 2189 quo
782 2105 1082 2169 sananda
1114 2114 1274 2184 erat,
1302 2116 1370 2168 et
1400 2104 1629 2168 oculos
1662 2106 1963 2168 habens
1946 2126 2012 2168 1n
2051 2127 2249 2170 carne
2281 2107 2454 2171 vnde
2486 2110 2662 2172 facta
2691 2130 2957 2193 corpor-

545 2194 673 2256 alia
706 2195 977 2269 videret,
1010 2193 1307 2256 nondum
1340 2192 1633 2256 habebat
1657 2212 1857 2256 sanos
1882 2194 1947 2256 in
1973 2195 2191 2270 corde,
2210 2194 2387 2258 vnde
2408 2195 2607 2260 deum
2635 2196 2953 2261 latentem

546 2289 996 2361 cognosceret,
1028 2280 1183 2344 fecit
1214 2281 1392 2362 quod
1427 2280 1634 2344 videri
1667 2290 1947 2362 poterat,
1977 2291 2049 2343 vt
2080 2300 2345 2345 sanaret
2375 2283 2550 2346 vnde
2579 2285 2787 2347 videri
2821 2305 2953 2348 non

548 2377 827 2451 poterat.
974 2368 1318 2449 Ingressus
1367 2378 1468 2431 est
1524 2366 1743 2430 locum
1794 2368 1904 2431 vbi
1961 2368 2222 2433 iacebat
2285 2369 2645 2434 multitudo
2710 2392 2956 2455 magna

546 2455 1025 2537 languentium,
1076 2474 1401 2531 cecorum,
1432 2453 1841 2531 claudorum,
1873 2464 1940 2518 et
1969 2454 2322 2519 aridorum.
2417 2457 2506 2520 Et
2566 2478 2718 2521 cum
2779 2468 2958 2522 esset

548 2542 843 2605 medicus
895 2550 963 2604 et
1016 2543 1388 2604 animarum
1421 2550 1488 2604 et
1541 2561 1911 2626 corporum,
1962 2553 2031 2604 et
2079 2545 2368 2607 venisset
2411 2543 2671 2608 saluare
2723 2566 2955 2610 omnes

541 2631 800 2693 animas
871 2629 1346 2693 crediturorum
1396 2628 1483 2691 de
1536 2629 1664 2691 illis
1719 2629 2188 2713 languentibus
2236 2652 2441 2695 vnum
2489 2632 2690 2715 elegit
2751 2654 2951 2716 quem

541 2727 806 2780 sanaret
864 2727 936 2780 vt
995 2717 1316 2780 vnitatem
1378 2716 1796 2798 significaret.
1888 2716 1959 2781 Si
2022 2718 2333 2781 mediocri
2395 2721 2595 2783 corde
2639 2729 2707 2784 et
2766 2723 2954 2804 quasi

541 2804 839 2868 humano
890 2814 1088 2887 captu
1137 2813 1206 2867 et
1266 2804 1533 2887 ingenio
1580 2804 2074 2867 consideremus
2127 2805 2479 2870 facientem
2534 2817 2601 2871 et
2654 2809 2834 2890 quod
2866 2810 2950 2871 ad

542 2901 942 2975 potestatem
994 2892 1283 2974 pertinet
1336 2911 1469 2953 non
1527 2910 1846 2972 magnum
1896 2890 2146 2973 aliquid
2198 2893 2490 2974 perfecit,
2523 2903 2591 2957 et
2644 2895 2823 2977 quod
2866 2894 2953 2959 ad

542 2979 1026 3061 benignitatem
1079 2998 1315 3061 parum
1367 2978 1539 3040 fecit.
1639 2978 1774 3041 Tot
1827 2977 2132 3042 iacebant
2185 2988 2253 3042 et
2304 3001 2474 3044 vnus
2523 2992 2791 3046 curatus
2836 2993 2954 3061 est,

539 3086 693 3130 cum
726 3074 956 3148 posset
986 3085 1119 3128 uno
1150 3065 1351 3128 verbo
1384 3085 1616 3127 omnes
1646 3064 1941 3148 erigere.⁵

1637 3202 1881 3268 Oratio.

554 3313 809 3444 ESto
868 3313 1141 3378 domine
1187 3314 1511 3398 propitius
1572 3313 1769 3415 plebi·
1813 3325 1943 3391 tue,
2001 3324 2070 3378 et
2129 3335 2332 3416 qua-m
2395 3316 2514 3380 tibi
2577 3317 2737 3380 facis
2781 3317 2952 3383 esse⁶

709 3402 1024 3465 deuotam
1055 3425 1069 3466 z
1101 3400 1392 3485 benigno
1423 3401 1648 3465 refoue
1682 3413 2030 3465 mtseratus
2061 3402 2334 3468 aux1110.
2428 3404 2553 3466 Per
2584 3404 2947 3470 dominum.

1145 3538 1361 3601 Hodie
1388 3539 1703 3602 dicuntur
1724 3549 1952 3622 septem
1970 3540 2234 3622 psalmi.

1056 3657 1124 3727 ([
1173 3651 1454 3715 sabbato
1483 3672 1562 3713 ex
1595 3650 1866 3717 Genesi.7
1954 3653 2168 3717 Lectio
2183 3653 2427 3736 prima.

550 3763 739 3893 ET
770 3783 925 3827 ecce
956 3784 1127 3827 vnus
1158 3764 1272 3845 qui
1305 3775 1612 3827 euaserat
1764 3765 1867 3827 isti
1900 3766 2231 3848 accipient
2264 3775 2488 3847 partes
2521 3785 2692 3831 suas,

1099 3968 1167 4038 (Ι
1215 3962 1583 4025 Secundum
1616 3961 1969 4029 Ioannem.⁸
2057 3964 2269 4027 Lectio
2299 3964 2383 4045 .ῂῖ

550 4075 803 4204 HEc
854 4074 1113 4138 locutus
1161 4084 1263 4138 est
1317 4075 1501 4138 Iesus
1548 4085 1616 4139 et
1646 4075 1813 4158 abijt
1961 4078 2130 4140 sicut
2179 4078 2355 4141 dixit
2406 4074 2566 4138 mihi
2615 4088 2803 4162 pater
2851 4080 2944 4143 sic

731 4162 981 4244 loquor.

634 4312 653 4344 ¹
687 4315 792 4375 [xii.
822 4314 1025 4377 20·36·]
1839 4314 1862 4346 ²
1896 4319 1969 4381 ij:
1992 4331 2070 4381 43·

630 4377 777 4430 ³.Ca
805 4397 852 4430 v.
882 4382 1035 4429 ·.add
1066 4391 1143 4443 39.
1834 4380 1856 4411 ⁴
1889 4383 2268 4433 moriturorum·
2307 4397 2384 4448 39.
2414 4395 2507 4437 etc.

630 4443 651 4475 ⁸
687 4446 939 4495 Miserere.
971 4456 1064 4509 50.
1089 4447 1199 4495 add.
1229 4444 1307 4510 63.
1838 4444 1859 4477 ⁸
1890 4464 1983 4497 om.
2017 4448 2092 4510 38.

629 4509 650 4543 ⁷
683 4511 802 4573 [xiv.
838 4523 918 4575 13-
919 4512 1038 4574 ·.24]
1837 4510 1859 4543 ⁸
1891 4513 1996 4574 [xii.
2026 4513 2231 4578 36-50.]
