3293 5225
614 375 709 438 368
1233 377 1286 427 S.
1326 378 1368 426 S
1375 375 1780 427 TEPHANUS
1814 375 2397 426 PROTOMARTYR.
2795 376 2972 437 [Di-:c-
2997 376 3063 425 ἐ.

611 529 766 591 dam
817 531 1066 593 auctori
1114 551 1235 593 suo
1281 540 1586 593 naturam
1634 530 1895 612 generis
1939 530 2223 613 sumpsit
2273 528 2557 593 humani
2611 540 2698 593 vt
2761 531 3073 593 inuentor

614 617 845 680 mortis
904 616 1209 680 diabolus
1271 638 1387 700 per
1447 618 1682 699 ipsam,
1734 636 1867 697 qua
1926 618 2192 694 vicerat,
2241 617 2647 681 vinceretur.
2799 618 2889 680 In
2953 637 3072 699 quo

610 703 919 766 conflictu
954 725 1073 786 pro
1104 705 1297 768 nobis
1330 705 1492 767 inito
1525 724 1773 787 magno
1805 712 1872 766 et
1897 703 2180 767 mirabili
2202 704 2523 785 equitatis
2547 705 2708 767 iure
2733 714 3070 768 certatum

610 800 725 853 est.
821 790 1002 853 Dum
1037 791 1464 873 omnipotens
1495 790 1810 854 dominus
1839 811 1991 853 cum
2036 791 2381 854 seuissimo
2412 791 2618 854 hoste
2654 812 2814 855 non
2855 793 2928 855 in
2961 811 3067 854 sua

610 878 995 956 maiestate3
1056 878 1172 941 sed
1222 880 1287 941 in
1336 887 1561 941 nostra
1613 877 1992 941 humilitate
2039 877 2481 962 congreditur.
2574 877 2975 960 Obijciens
3012 880 3065 941 ei

607 965 888 1028 eandem
926 964 1226 1042 formam,
1256 964 1676 1046 eandemque
1710 973 2034 1041 naturam,
2058 964 2482 1028 mortalitatis
2505 966 2819 1046 quidem
2851 976 3067 1029 nostre

607 1052 997 1134 participem
1025 1075 1038 1113 :
1084 1052 1198 1116 sed
1231 1053 1486 1134 peccati
1520 1053 1726 1115 totius
1756 1061 2122 1134 expertem.

1611 1164 1671 1225 A
1681 1163 1735 1225 d
1757 1163 1995 1227 laudeS.

736 1263 794 1325 A
806 1263 1132 1346 ntiphona.
1246 1263 1578 1326 Exortum
1629 1272 1731 1326 est
1781 1265 1847 1326 in
1899 1263 2185 1326 tenebris
2246 1264 2470 1326 lumen
2528 1265 2746 1327 rectis
2819 1263 3060 1342 corde‚¹

603 1351 990 1425 misericors,
1021 1361 1089 1413 et
1122 1352 1465 1413 miserator
1498 1374 1511 1413 ε
1541 1360 1608 1413 et
1643 1352 1851 1413 iustus
1882 1350 2209 1413 dominus,

1581 1475 1641 1536 A
1652 1475 1705 1536 d
1727 1486 2036 1557 vesperas.

730 1574 1054 1656 Hymnus.
1146 1574 1388 1637 Christi
1421 1574 1819 1657 redemptor,
1849 1584 1924 1637 vt
1947 1584 2164 1655 supra.

732 1660 793 1722 Α
805 1661 1129 1742 ntipkona.
1223 1660 1448 1724 Hodie
1472 1661 1753 1725 christus
1779 1671 1976 1724 natus
1997 1670 2116 1738 est,
2138 1660 2336 1723 hodie
2355 1659 2656 1723 saluator
2680 1664 3056 1745 apparuit:

601 1747 800 1811 hodie
848 1749 911 1810 in
946 1757 1118 1810 terra
1149 1758 1399 1811 canunt
1444 1748 1683 1830 angeli,
1715 1748 2004 1811 letantur
2032 1746 2429 1830 archangeli,
2459 1747 2667 1810 hodie
2713 1751 3053 1814 exultant

597 1835 749 1898 iusti
780 1833 1075 1898 dicentes
1108 1859 1121 1898 :
1153 1834 1378 1898 Gloria
1411 1835 1476 1897 in
1509 1834 1792 1898 excelsis
1822 1834 1967 1899 deo,
2062 1834 2395 1897 Halleluia
2426 1832 2773 1900 halleluia.

1685 1958 1928 2025 Oratio.

735 2059 1044 2122 Concede
1075 2079 1436 2141 quesumus
1467 2070 1539 2122 vt
1565 2070 1783 2141 supra.

730 2146 985 2208 Deinde
997 2157 1125 2228 pro
1154 2147 1743 2209 commemoratione
1768 2147 1983 2210 sancti
2012 2144 2344 2229 Stephani.

733 2233 793 2294 A
804 2231 1129 2315 ntzphona.
1221 2233 1603 2316 Stephanus
1663 2243 1888 2297 autem
1945 2233 2180 2317 plenus
2228 2232 2440 2314 gratia
2492 2241 2563 2295 et
2608 2232 3035 2311 fortitudine,

604 2319 886 2383 faciebat
918 2320 1238 2403 prodigia,
1269 2330 1337 2383 et
1368 2322 1559 2403 signa
1590 2340 1838 2403 magna
1871 2321 1935 2383 in
1971 2320 2235 2403 populo,

1480 2444 1786 2509 OremuS.
1883 2444 2130 2511 Oratio.

615 2544 816 2676 DA
849 2544 1041 2608 nobis
1064 2565 1425 2627 quesumus
1450 2545 1743 2608 Domine
1767 2545 2007 2607 imitari
2027 2544 2206 2626 quod
2227 2543 2507 2607 colimus
2538 2567 2553 2606 :
2582 2552 2657 2606 vt
2682 2544 3030 2609 discamus

778 2642 846 2696 et
903 2633 1204 2696 inimicos
1253 2632 1574 2714 diligere:
1611 2633 1768 2714 quia
1821 2634 1962 2695 eius
2015 2632 2316 2695 natalitia
2363 2631 2789 2696 celebramus
2846 2658 2863 2698 :
2914 2635 3027 2717 qui

601 2721 788 2783 nouit
848 2721 1048 2783 etiam
1130 2718 1274 2802 pr02
1336 2719 1863 2802 persecutoribus
1926 2739 2204 2783 exorare
2281 2718 2628 2782 dominum
2714 2731 3024 2784 nostrum

602 2808 822 2871 Iesum
857 2807 1172 2869 christum
1207 2804 1413 2870 filium
1447 2817 1635 2869 tuum
1673 2830 1686 2870 ε
1717 2808 1830 2888 qui
1861 2815 2100 2870 tecum.

1057 2949 1123 3018 (I
1172 2941 1543 3024 Stephanus
1555 2952 2019 3026 protomartyr,
2051 2942 2287 3024 duplex
2313 2943 2544 3006 maius.

730 3044 851 3106 Ad
874 3043 1289 3107 matutinum.
1376 3042 1865 3106 Inuitatorium.

732 3130 1069 3194 Christum
1133 3139 1361 3193 natum
1419 3129 1531 3211 qui
1587 3131 1857 3193 beatum
1913 3128 2112 3191 hodie
2171 3127 2517 3191 coronauit
2578 3127 3033 3212 Stephanum.

602 3218 846 3281 Venite
878 3217 1248 3280 adoremus,

730 3304 1056 3386 Hymnus,
1151 3305 1409 3385 Martyr
1440 3303 1545 3366 dei
1588 3315 1696 3366 etc.
1731 3312 1803 3365 vt
1831 3304 1901 3365 in
1931 3302 2260 3365 communi
2283 3302 2479 3365 vnius
2507 3305 2879 3382 martyris.⁴

732 3391 1129 3473 Antiphona.
1221 3391 1397 3454 Ecce
1443 3390 1639 3454 video
1686 3390 1861 3454 celos
1908 3398 2173 3473 apertos
2207 3413 2220 3452 t
2251 3399 2319 3452 et
2369 3389 2590 3453 Iesum
2637 3400 2944 3456 stantem
2993 3413 3035 3456 a

598 3478 854 3542 dextris
884 3478 1007 3541 dei.

1624 3564 1839 3627 Lectio
1869 3564 1980 3644 ,iifl

605 3663 1066 3797 STephanus
1124 3685 1292 3726 vnus
1352 3686 1439 3727 ex
1503 3674 1757 3746 septem
1820 3664 2117 3726 diaconis
2182 3665 2295 3744 qui
2358 3672 2626 3745 propter
2683 3662 2900 3728 fidem
2965 3677 3039 3730 et

732 3753 1124 3834 sapientiam
1205 3751 1467 3814 suerunt
1525 3752 1613 3814 ab
1678 3751 1996 3833 apostolis
2070 3749 2304 3827 electi,⁵
2367 3749 2600 3832 plenus
2673 3752 2904 3830 gratia
2966 3764 3038 3817 et

600 3839 984 3902 fortitudine
1013 3838 1257 3901 edebat
1285 3858 1506 3901 coram
1541 3839 1789 3920 populo
1821 3858 2067 3920 magna
2109 3837 2441 3900 miracula.
2532 3835 2788 3900 Contra
2819 3859 3038 3921 quem

602 3945 752 3989 cum
788 3922 1165 4007 synagoge†
1196 3946 1325 4006 que
1356 3925 1700 3988 dicebatur
1738 3921 2276 4006 Lybertynorum
2307 3932 2376 3987 et
2407 3922 2905 4005 Cyrenensium
2955 3949 3039 3991 ac

600 4011 1234 4088 Alexandrinorum,
1293 4022 1360 4075 et
1418 4032 1646 4075 eorum
1710 4012 1822 4093 qui
1883 4033 1970 4074 ex
2034 4010 2265 4075 Cilicia
2323 4020 2643 4074 venerant
2700 4020 2774 4074 et
2840 4013 3039 4091 Asia,

602 4099 874 4182 quidam
930 4099 1266 4182 disputare
1319 4100 1666 4182 cepissent,
1715 4119 1836 4161 nec
1889 4100 2029 4161 eius
2077 4098 2399 4181 sapientie
2452 4117 2528 4159 ac
2583 4098 2874 4179 spiritui,
2917 4104 3034 4183 qui

603 4186 995 4268 loquebatur
1067 4186 1383 4249 obsistere
1459 4196 1746 4269 possent,
1821 4186 2263 4248 subornarunt
2336 4183 2682 4266 quosdam,
2760 4189 2885 4268 qui
2964 4210 3040 4253 se

600 4274 907 4337 dicerent.
986 4272 1404 4356 Stephanum
1432 4273 1693 4336 audisse
1724 4292 1874 4335 cum
1917 4272 2119 4336 verba
2149 4271 2559 4355 blasphemie
2601 4272 2667 4334 in
2701 4271 2925 4340 deum
2957 4297 3038 4340 ac

697 4383 712 4412 ¹
749 4400 841 4433 om.
871 4396 947 4446 39.
980 4392 1073 4433 etc.
1540 4380 1562 4413 ²
1593 4383 1772 4432 nobis:
1809 4385 1920 4432 add
1951 4396 2027 4446 39.
2452 4379 2474 4411 ⁸
2504 4381 2609 4430 Die
2632 4381 2732 4432 26:
2759 4393 2856 4448 pr.
2890 4387 2972 4452 38.

698 4449 718 4478 ⁴
748 4448 814 4499 di.
847 4449 922 4498 26.
956 4449 1011 4497 in
1037 4466 1100 4498 m.
1131 4466 1223 4499 om,
1253 4447 1330 4513 38.
1404 4449 1513 4509 [See
1536 4450 1700 4508 below,
1729 4465 1776 4514 p.
1808 4449 1947 4512 376.]
2452 4445 2474 4476 ⁸
2505 4447 2693 4497 erecti:
2731 4463 2820 4514 43.
