3293 5225
521 481 619 529 140
1250 468 1477 517 FERA-1
1537 468 1787 517 SEXTA
1850 468 2209 517 PASCIIAE.

515 620 946 703 postmodum
995 620 1285 684 amando
1319 621 1574 685 fortiter
1620 621 1914 684 ardebat.
2013 621 2186 683 Nam
2238 630 2595 703 postquam
2627 621 2809 685 venit
2840 623 2925 686 ad

512 718 1047 785 monumentum,
1078 707 1299 790 ibique
1345 729 1584 790 corpus
1631 709 2039 771 dominicum
2093 728 2225 770 non
2283 709 2538 772 inuenit
2591 708 2925 773 sublatum

506 794 810 870 credidit,
869 806 1071 877 atque
1146 795 1485 878 discipulis
1562 796 1910 859 nuntiauit.
2025 794 2157 877 Qui
2217 796 2559 857 venientes
2619 796 2926 859 viderunt

509 892 718 964 atque
750 883 842 945 ita
873 902 1016 945 esse
1046 892 1118 945 vt
1151 882 1384 945 mulier
1420 883 1685 946 dixerat
1733 882 2171 946 crediderunt.
2265 883 2354 945 Et
2386 883 2469 945 de
2501 883 2596 944 eis
2629 886 2928 965 protinus

510 971 831 1051 scriptum
893 978 1011 1032 est.
1133 969 1464 1033 Abierunt
1537 990 1698 1052 ergo
1773 969 2075 1052 discipuli
2139 971 2222 1032 ad
2291 970 2700 1052 semetipsos
2821 971 2928 1032 Ac

513 1056 756 1119 deinde
845 1057 1306 1139 subiungitur:
1409 1058 1623 1120 Maria
1714 1058 1936 1120 stabat
2013 1056 2098 1119 ad
2184 1068 2689 1119 monumentum
2772 1057 2926 1120 foris

513 1143 823 1226 plorans:
899 1163 1032 1224 qua
1091 1144 1156 1205 in
1222 1165 1291 1206 re
1350 1144 1768 1227 pensandum
1830 1153 1933 1206 est
1992 1143 2186 1205 huius
2249 1144 2539 1205 mulieris
2615 1155 2926 1218 mentem,

509 1240 766 1312 quanta
807 1231 907 1293 vis
955 1231 1198 1294 amoris
1252 1231 1643 1294 accenderat
1699 1250 1827 1311 que
1859 1250 1898 1292 a
1932 1240 2366 1293 monumento
2415 1230 2666 1293 domini
2721 1232 2923 1294 etiam

512 1317 854 1399 discipulis
919 1317 1376 1381 recedentibus
1431 1338 1563 1379 non
1614 1317 1981 1381 recedebat.
2074 1317 2492 1398 Exquirebat
2540 1338 2739 1399 quem
2792 1338 2923 1380 non

510 1405 912 1468 inueniebat.
1026 1404 1265 1467 Flebat
1326 1404 1738 1487 inquirendo,
1802 1415 1868 1467 et
1928 1405 2170 1466 amoris
2232 1405 2331 1466 sui
2385 1405 2538 1485 igne
2591 1425 2927 1481 succensa,

509 1492 651 1554 eius
675 1511 873 1572 quem
900 1490 1225 1554 ablatuml
1250 1491 1530 1555 credidit
1550 1491 1827 1555 ardebat
1865 1491 2192 1554 desiderio
2223 1491 2422 1554 Vnde
2453 1490 2823 1574 contingit,2
2853 1501 2926 1554 vt

510 1588 669 1642 tunc
703 1577 883 1642 cum³
906 1579 1047 1641 sola
1070 1579 1322 1642 videret
1354 1579 1511 1659 que4
1535 1579 1870 1654 remansit,
1893 1587 1965 1640 vt
1996 1587 2312 1659 quereret.
2406 1577 2581 1660 Quia
2614 1579 2924 1641 nimirum

508 1667 716 1727 virtus
776 1667 933 1729 boni
994 1667 1210 1749 operis
1273 1665 1781 1748 perseuerantis⁵
1830 1675 1929 1727 est
1984 1676 2051 1727 et
2102 1685 2266 1728 voce
2314 1666 2610 1728 veritatis
2670 1665 2926 1731 dicitur.

510 1752 643 1834 Qui
675 1762 897 1816 autem
932 1753 1451 1836 perseuerauerit
1482 1773 1690 1835 vsque
1722 1753 1787 1814 in
1824 1751 2022 1815 finem
2055 1753 2161 1815 hic
2193 1752 2416 1815 saluus
2449 1750 2613 1816 erit.⁶

1596 1889 1844 1952 Oratio.

643 2001 829 2064 Deus
875 2002 988 2083 qui
1036 2001 1489 2065 diuersitatem
1540 2001 1841 2083 gentium
1891 2001 1958 2063 in
2014 2000 2431 2063 consessione
2487 2001 2580 2063 tui
2640 2002 2927 2063 nominis

503 2088 837 2164 adunasti,
870 2089 957 2150 da
989 2099 1058 2151 vt
1111 2089 1357 2152 renatis
1389 2089 1573 2152 sonte
1621 2088 2044 2171 baptismatis
2074 2108 2205 2151 vna
2250 2089 2335 2152 sit
2369 2085 2533 2150 fides
2584 2089 2926 2164 mentium,

506 2182 577 2236 et
610 2175 821 2257 pietas
853 2176 1190 2238 actionum
1218 2199 1230 2238 :
1278 2196 1413 2258 per.

911 2319 979 2389 (Ι
1022 2313 1221 2376 Feria
1251 2315 1355 2376 .sz
1389 2315 1466 2377 de
1494 2324 1720 2377 octaua
1749 2335 1829 2376 ex
1861 2310 2135 2377 Genesi.7
2224 2312 2439 2375 Lectio
2472 2313 2531 2375 .i.

506 2423 820 2556 SEnuit
867 2437 1090 2490 autem
1131 2427 1316 2489 Isaac
1348 2436 1416 2489 et
1447 2426 1905 2509 caligauerunt
1951 2425 2125 2488 oculi
2179 2426 2320 2487 eius
2469 2434 2732 2487 tantum
2765 2426 2919 2487 audi

639 2533 870 2575 vocem
908 2534 1147 2588 meam,
1176 2523 1244 2577 et
1278 2534 1557 2597 pergens
1591 2513 1754 2577 affer
1784 2533 1916 2595 que
1947 2512 2108 2575 dixi.

1071 2655 1139 2723 (Ι
1188 2648 1557 2712 Secundum
1590 2647 1944 2711 Ioannem.8
2033 2648 2242 2710 Lectio
2275 2648 2358 2728 js.

506 2756 768 2889 CVm
802 2780 962 2840 ergo
993 2781 1139 2823 sero
1170 2773 1344 2824 esset
1391 2761 1498 2823 die
1547 2760 1661 2823 illo
1692 2780 1823 2823 vna
1877 2760 2305 2823 sabbatorum
2361 2770 2428 2821 et
2480 2758 2650 2822 sores
2699 2770 2919 2821 essent

552 2933 566 2945 ⁶
662 2846 885 2908 clause
1034 2848 1204 2911 filius
1236 2848 1363 2924 dei,
1394 2858 1461 2911 et
1491 2857 1563 2910 vt
1595 2847 1940 2910 credentes
1972 2849 2177 2910 vitam
2216 2846 2516 2910 habeatis
2550 2846 2615 2908 in
2650 2847 2920 2909 nomine

504 2952 665 2995 eius,

786 3068 854 3138 (I
910 3063 1131 3125 Tertia
1159 3064 1350 3128 lectio.
1374 3038 1381 3041 “
1445 3064 1674 3128 Sermo
1703 3062 1916 3125 sancti
1941 3063 2000 3125 A
2013 3062 2283 3125 mbrosii
2307 3062 2582 3143 episcopi.

510 3174 909 3301 AVdistis
972 3176 1201 3238 fratres
1263 3177 1649 3252 charissimi,
1701 3176 1880 3258 quod
1937 3185 2165 3239 sancte
2223 3174 2528 3238 mulieres
2580 3194 2711 3256 que
2764 3195 2916 3237 cum

679 3263 1085 3325 aromatibus
1122 3263 1207 3326 ad
1258 3275 1766 3327 monumentum
1814 3272 2153 3335 venerunt,
2186 3260 2462 3344 angelos
2492 3262 2815 3339 viderunt,
2849 3271 2915 3324 et

494 3348 722 3410 ’Maria
787 3348 1190 3432 Magdalene
1253 3371 1381 3433 que
1441 3352 1686 3413 arctius
1754 3350 1975 3412 Iesum
2053 3349 2372 3431 diligebat
2447 3349 2767 3431 apostolis
2829 3347 2914 3411 ad

504 3434 779 3497 domum
815 3436 899 3498 de
946 3457 1077 3517 qua
1109 3446 1528 3500 cucurrerant
1562 3435 2075 3500 reuertentibus⁹
2106 3437 2263 3517 quia
2293 3456 2452 3516 erga
2488 3435 2912 3518 sepulchrum

502 3524 970 3603 perseuerauit,
1024 3525 1221 3587 deum
1286 3525 1498 3606 prima
1559 3525 1860 3587 omnium
1937 3524 2296 3606 cognouit?
2408 3524 2551 3585 Nos
2612 3544 2727 3605 per
2787 3522 2913 3584 hoc

504 3629 871 3687 monemur,
894 3620 965 3673 vt
995 3631 1146 3672 cum
1179 3611 1604 3686 aromatibuS,
1630 3611 1695 3673 id
1722 3621 1822 3673 est
1854 3631 2004 3674 cum
2038 3610 2240 3673 odore
2275 3611 2600 3673 bonorum
2632 3630 2910 3692 operum

496 3705 569 3758 et
619 3695 794 3777 pleni
842 3698 1194 3760 virtutibus
1249 3700 1445 3761 deum
1498 3718 1869 3780 queramuS.
1964 3697 2135 3761 Sunt
2189 3698 2301 3779 qui
2350 3698 2662 3760 videntur
2713 3699 2912 3759 deum

496 3803 792 3864 querere,
824 3783 940 3846 sed
994 3785 1196 3847 ociosi
1246 3794 1418 3863 sunt,
1449 3794 1516 3848 et
1547 3806 1586 3848 a
1619 3786 1972 3849 virtutibus
2025 3784 2237 3861 alieni,
2272 3785 2423 3847 ideo
2472 3784 2655 3846 illum
2688 3783 2912 3845 videre

504 3889 634 3932 non
687 3880 1037 3935 merentur.
1129 3871 1309 3954 Quid
1360 3873 1727 3954 querebant
1773 3872 1882 3934 ille
1929 3882 2157 3935 sancte
2212 3871 2516 3934 mulieres
2565 3872 2626 3932 in
2678 3889 2913 3932 monu-

500 3967 747 4032 mentO,
809 3958 945 4027 nisi,
995 3979 1234 4042 corpus
1310 3959 1562 4023 domini
1628 3959 1827 4022 Iesu?
1949 3960 2039 4021 Et
2098 3979 2216 4021 vos
2278 3958 2438 4040 quid
2512 3958 2785 4040 queritis
2846 3958 2911 4019 in

494 4044 795 4121 ecclesia,
828 4046 950 4106 nisi
1013 4046 1251 4121 Iesum,
1295 4047 1359 4109 id
1414 4057 1514 4108 est
1569 4046 2019 4109 saluatorem?
2131 4044 2267 4109 Sed
2321 4046 2374 4107 si
2430 4045 2670 4126 cupitis
2726 4043 2909 4105 illum

497 4132 813 4207 inuenire,
867 4143 1015 4195 orto
1076 4134 1215 4195 sole
1265 4134 1504 4209 venite,
1554 4135 1619 4197 id
1674 4144 1776 4197 est
1825 4153 1956 4196 non
2008 4133 2140 4195 sint
2188 4133 2254 4194 in
2315 4131 2625 4194 cordibus
2677 4132 2912 4193 vestris

593 4255 610 4287 ¹
645 4258 867 4307 oblatum
892 4277 904 4308 ε
943 4258 1019 4322 38.
1797 4258 1819 4289 ²
1851 4259 1986 4308 conti
2024 4260 2075 4308 it.
2106 4272 2183 4322 39.
2207 4272 2286 4321 41.
2315 4271 2394 4322 43.
2419 4258 2496 4307 60.
2521 4259 2602 4307 61.
2625 4258 2703 4321 63.
2723 4257 2801 4318 64.
2827 4257 2907 4306 66.

594 4324 615 4351 ³
647 4340 738 4373 om.
770 4324 848 4386 38.
895 4340 1044 4374 eum:
1082 4337 1158 4387 39.
1189 4337 1267 4385 41.
1296 4337 1375 4387 43.
1405 4338 1483 4386 49.
1513 4324 1592 4373 60.
1622 4324 1701 4375 61.
1731 4324 1809 4387 63.
1841 4325 1918 4385 64.
2014 4361 2026 4373 .

590 4387 612 4416 ⁴
646 4390 783 4438 sola:
818 4391 929 4438 add.
960 4402 1036 4452 39.
1065 4403 1145 4448 41.
1175 4390 1253 4439 60.
1283 4390 1361 4439 61.
1392 4390 1469 4450 64.
1798 4389 1818 4419 ⁵
1853 4390 2250 4454 perseuerantia:
2288 4402 2365 4452 39.
2395 4400 2487 4438 etc.

591 4452 614 4481 ⁰
647 4454 721 4502 Te
747 4455 946 4503 Deum:
984 4457 1093 4504 add.
1123 4454 1200 4518 63.
1802 4455 1821 4486 ⁷
1857 4457 1929 4505 Ca
1977 4467 2037 4517 27
2063 4456 2120 4502 in
2146 4472 2208 4503 m.
2239 4455 2407 4515 [xxvii.
2445 4456 2609 4517 1-13.]

595 4518 615 4545 Β
648 4518 749 4578 [xx.
787 4522 984 4582 19-31.]
1802 4520 1823 4549 ¹⁰
1857 4521 2223 4570 reuerentibus:
2261 4520 2337 4568 66.
