3293 5225
545 432 643 483 266
1243 438 1316 486 .S.
1358 439 1469 486 MA
1483 437 1761 486 TTHIAS
1792 437 2123 486 APOSTOL
2134 437 2236 487 OS.
2688 436 2839 497 [Fr-28.
2884 447 2964 496 24.

552 587 720 665 fixit,
751 590 1096 671 tenuitque
1128 600 1385 673 septem
1434 609 1664 666 annOS,
1717 590 1931 653 donec
1980 589 2158 652 iussu
2215 589 2342 652 Dei
2394 590 2495 672 (vt
2549 589 2768 652 verbis
2821 599 2971 651 vtar

551 676 847 738 Marcelli
884 697 1054 759 pape
1086 688 1153 740 et
1186 676 1524 758 martyris)
1574 698 1724 739 eam
1782 676 2117 740 transtulit
2163 678 2470 750 Romam,
2527 675 2967 738 immobilem-

545 783 675 844 que
737 762 1019 827 locauit:
1080 775 1151 827 vt
1204 764 1290 827 ad
1351 766 1898 827 commoditatem
1949 763 2472 828 Christianorum
2520 773 2588 826 et
2635 762 2972 846 religionis

545 861 981 931 augmentum
1016 851 1207 914 sedes
1254 853 1497 913 summi
1544 851 1895 932 sacerdotij
1941 862 2009 913 et
2041 851 2317 914 ecclesie
2349 860 2551 932 caput
2582 861 2755 913 esset
2789 851 2852 911 in
2888 870 2968 912 ea

545 938 964 1019 potissimum
1000 938 1174 1015 vrbe,
1206 959 1335 1020 que
1370 939 1812 1021 principatum
1846 936 2024 1000 orbis
2054 937 2439 1002 obtinebat.¹

1487 1081 1554 1151 (Ι
1642 1076 1769 1138 Ad
1791 1076 2031 1140 laudes.

630 1187 1026 1269 Antiphona.
1121 1188 1585 1270 Quodcunque
1618 1187 1927 1269 ligaueris
1959 1209 2156 1270 super
2186 1198 2449 1263 terram,
2504 1188 2627 1250 erit
2680 1186 2960 1268 ligatum

544 1284 611 1337 et
644 1275 708 1336 in
742 1278 901 1337 celis
932 1285 999 1338 et
1030 1275 1478 1357 quodcunque
1512 1275 1785 1338 solueris
1833 1296 2030 1358 super
2060 1286 2324 1351 terram,
2373 1275 2495 1337 erit
2548 1274 2840 1337 solutum
2893 1282 2965 1335 et

545 1362 610 1423 in
644 1362 818 1439 celiS,
852 1363 1010 1425 dicit
1042 1364 1354 1425 dominus
1388 1362 1646 1426 Simoni
1683 1364 1897 1426 Petr0.

1453 1506 1520 1576 (I
1566 1500 1692 1563 Ad
1728 1510 2040 1581 vesperas.

629 1612 953 1691 Hymnus.
1047 1612 1514 1694 Quodcunque
1553 1611 1687 1676 etc?

629 1699 691 1760 A
702 1698 1026 1780 nttplzona.
1121 1700 1300 1762 Dum
1335 1709 1511 1762 esset
1541 1720 1843 1762 summus
1882 1699 2187 1781 pontifex
2222 1708 2483 1760 terrena
2527 1718 2660 1760 non
2720 1699 2958 1760 metuit

543 1786 661 1849 sed
696 1787 781 1848 ad
814 1786 1082 1849 celestia
1115 1807 1318 1868 regna
1351 1787 1678 1869 gloriosus
1727 1788 2056 1868 migrauit.

1056 1929 1122 1999 (Ι
1168 1924 1260 1986 M
1256 1924 1479 1988 athias
1521 1925 1866 2006 apostolus³
1906 1924 2142 2004 duplex
2170 1923 2403 1986 maius.

625 2062 1010 2135 Notandum
1063 2065 1237 2144 qu0t⁴
1287 2062 1356 2124 in
1411 2084 1582 2124 anno
1630 2062 1947 2126 bissextili
1993 2062 2105 2125 ltoc
2134 2062 2386 2141 festum
2439 2059 2795 2122 celebratur
2852 2059 2963 2121 die

539 2149 1091 2230 vzgresimaquinta
1179 2149 1540 2230 Februarzj
1639 2160 1711 2211 vt
1798 2159 1996 2230 supra
2081 2149 2322 2211 dictum
2397 2157 2491 2210 est
2566 2148 2634 2208 in
2711 2146 2958 2227 regulis·

524 2237 986 2318 generalibus.⁵

1627 2364 1873 2428 Oratio,

553 2476 831 2606 DEus
884 2478 995 2557 qui
1059 2476 1328 2539 beatum
1397 2477 1726 2540 Mathiam
1792 2476 2274 2558 Apostolorum
2339 2487 2601 2538 tuorum
2662 2475 2955 2556 collegio

733 2565 1018 2642 sociasti,
1065 2563 1282 2627 tribue
1326 2584 1729 2647 quesumus:
1762 2576 1833 2628 vt
1881 2566 2019 2627 eius
2076 2564 2564 2628 interuentione
2617 2573 2728 2626 tue
2781 2565 2957 2625 circa

537 2673 661 2715 nos
694 2653 958 2735 pietatis
992 2672 1253 2735 semper
1283 2653 1533 2715 viscera
1565 2655 1949 2716 sentiamus,
2043 2654 2167 2714 Per
2199 2652 2559 2714 dominum.

1511 2791 1723 2853 Lectio
1754 2791 1963 2853 tertia.

547 2903 694 3031 M
715 2903 961 2965 Athias
992 2901 1078 2964 de
1110 2922 1385 2964 numero
1417 2902 1579 2966 .lxx.
1611 2903 2085 2985 discipulorum
2118 2902 2411 2965 adscitus
2443 2911 2544 2963 est
2578 2901 2642 2962 in
2678 2912 2948 2983 aposto-

757 2992 964 3052 latum
1030 2991 1095 3051 in
1153 2990 1371 3052 locum
1433 2989 1598 3053 Iude
1648 2991 2017 3073 proditoris,
2113 2990 2287 3051 Nam
2341 2999 2491 3071 post
2541 2988 2788 3052 Christi
2853 2988 2942 3049 ad

534 3086 792 3158 patrem
855 3096 1200 3139 ascensum
1283 3077 1514 3140 Petrus
1576 3077 1949 3159 Apostolus
2026 3077 2089 3138 in
2170 3075 2392 3138 medio
2466 3074 2946 3157 discipulorum

536 3163 778 3227 Christi
842 3164 1098 3227 circiter
1157 3184 1332 3227 ‚cxx.
1393 3164 1782 3240 consistenS,
1844 3163 2132 3246 Oportet
2193 3164 2465 3245 (inquit)
2526 3163 2646 3224 viri
2711 3161 2946 3223 fratres

535 3251 792 3334 impleri
824 3252 1236 3333 scripturam,
1267 3271 1467 3331 quam
1504 3249 1797 3333 predixit
1829 3252 2097 3333 spiritus
2143 3261 2412 3314 sanctus
2447 3271 2562 3332 per
2590 3270 2666 3311 os
2716 3249 2942 3311 Dauid

532 3340 617 3400 de
671 3338 854 3414 luda,
899 3339 1011 3418 qui
1046 3337 1166 3399 fuit
1214 3337 1354 3400 dux
1402 3359 1653 3413 eorum,
1683 3339 1794 3420 qui
1838 3337 2483 3420 comprehenderunt
2521 3337 2781 3399 Iesum:
2827 3337 2942 3416 qui

533 3436 1046 3487 connumeratus
1091 3435 1233 3487 erat
1283 3425 1346 3486 in
1412 3425 1621 3500 nobis,
1676 3435 1743 3488 et
1804 3426 2073 3487 sortitus
2136 3436 2235 3487 est
2282 3435 2526 3487 sortem
2592 3422 2942 3503 ministerij

532 3512 743 3575 huius,
837 3511 927 3574 Et
957 3511 1062 3574 hic
1095 3512 1367 3592 quidem
1403 3512 1702 3593 possedit
1733 3532 1966 3593 agrum
2000 3511 2085 3574 de
2119 3512 2423 3574 mercede
2472 3511 2840 3591 iniquitatis
2874 3520 2942 3572 et

530 3619 888 3681 suspensus
948 3601 1201 3681 crepuit
1262 3600 1538 3674 mediuS,
1597 3610 1667 3662 et
1711 3598 1954 3662 diffusa
1999 3609 2154 3661 sunt
2199 3600 2426 3661 omnia
2486 3599 2736 3660 viscera
2781 3597 2946 3660 eius,

532 3687 623 3749 Et
671 3697 903 3748 notum
954 3686 1200 3748 factum
1251 3697 1350 3749 est
1396 3686 1707 3749 omnibus
1767 3686 2221 3749 habitantibus
2272 3685 2668 3748 Ierusalem:
2731 3685 2823 3747 ita
2869 3695 2944 3747 vt

532 3773 905 3855 appelletur
950 3793 1105 3854 ager
1169 3772 1277 3835 illa
1335 3773 1557 3853 lingua
1620 3793 1848 3835 eorum
1920 3773 2355 3848 Haceldema,
2416 3772 2542 3836 hoc
2602 3782 2721 3847 est,
2781 3791 2943 3851 ager

535 3861 892 3941 sanguinis,
987 3859 1321 3942 Scriptum
1372 3871 1474 3921 est
1521 3861 1701 3922 enim
1754 3861 1817 3922 in
1868 3859 2035 3923 libro
2081 3860 2513 3941 psalmorum,
2562 3860 2711 3922 Fiat
2758 3877 2943 3919 com·

532 3948 813 4010 moratio
844 3967 1071 4009 eorum
1116 3948 1395 4022 deserta,
1425 3957 1492 4009 et
1527 3967 1661 4009 non
1695 3949 1781 4010 sit
1826 3949 1937 4027 qui
1987 3947 2311 4027 inhabitet
2358 3948 2423 4009 in
2457 3968 2551 4011 ea.
2644 3946 2733 4007 Et
2765 3943 2940 4026 epis-

525 4043 838 4116 copatum
905 4035 1042 4095 eius
1102 4034 1384 4115 accipiat
1443 4034 1625 4098 alter.
1745 4033 2032 4117 Oportet
2090 4055 2250 4115 ergo
2310 4054 2398 4096 ex
2461 4035 2562 4096 his
2607 4034 2777 4106 viriS,
2823 4031 2938 4111 qui

531 4121 876 4184 nobiscum
911 4131 1067 4183 sunt
1090 4122 1473 4203 congregati
1509 4122 1574 4183 in
1609 4122 1792 4183 omni
1820 4131 2120 4204 tempore
2152 4141 2287 4202 quo
2320 4122 2591 4183 intrauit
2624 4130 2690 4181 et
2722 4119 2941 4181 exiuit

534 4209 706 4271 inter
738 4229 857 4271 nos
905 4208 1215 4271 dominus
1269 4207 1470 4283 IesuS,
1502 4208 1826 4291 incipiens
1874 4229 1912 4270 a
1961 4209 2365 4291 baptismate
2417 4208 2685 4270 Ioannis
2730 4225 2943 4287 vsque

619 4359 637 4391 ¹
671 4360 930 4410 obtineat:
966 4372 1045 4422 43.
1823 4358 1846 4389 Β
1878 4368 1933 4408 vt
1953 4368 2141 4423 snpra:
2176 4373 2251 4422 39.
2283 4373 2361 4421 41.

616 4426 638 4455 ³
669 4426 751 4475 die
776 4439 854 4487 24.
884 4427 941 4473 in
966 4443 1032 4473 m.
1827 4423 1849 4455 ⁴
1880 4429 2043 4490 quod:
2077 4425 2156 4488 38.
2186 4436 2278 4475 etc.

617 4491 639 4521 ⁶
675 4491 882 4557 quodfit
904 4498 1083 4554 quarto
1103 4506 1294 4554 quoque
1315 4507 1467 4551 anno,
1487 4497 1534 4539 et
1540 4489 1662 4555 fuit
1689 4491 1814 4554 1564
1838 4510 1849 4540 :
1885 4493 1997 4539 add.
2028 4490 2107 4554 63.
