3293 5225
552 429 641 491 178
920 430 1158 480 SABBA
1172 431 1262 480 TO
1296 431 1488 482 POST
1512 431 1656 483 FES
1662 431 1830 484 TUM
1861 431 2221 483 CORPORIS
2256 433 2481 482 CHRIS
2487 433 2578 485 TI.

545 584 839 666 precium
871 582 1065 647 simul
1098 594 1166 647 et
1196 586 1552 649 lauacrum.
1641 586 1740 649 Vt
1771 586 2095 670 redempti
2132 607 2173 650 a
2219 586 2575 650 miserabili
2623 590 2958 666 seruitute,

545 669 637 734 et¹
673 671 960 753 peccatis
990 672 1301 735 omnibus
1333 672 1822 737 mundaremur.
1915 674 2006 736 Et
2035 683 2107 736 vt
2138 675 2308 737 tanti
2341 673 2641 755 beneficij
2679 677 2848 760 iugis
2888 678 2953 738 in

542 757 737 821 nobis
782 767 1078 822 maneret
1125 761 1482 823 memoria:
1528 780 1769 843 corpus
1813 780 2005 824 suum
2053 762 2118 822 in
2165 760 2388 823 cibum
2436 771 2505 824 et
2562 765 2954 845 sanguinem

544 865 738 908 suum
801 846 867 908 in
929 853 1180 928 potum,
1238 846 1366 909 sub
1408 848 1627 930 specie
1674 848 1866 930 panis
1911 856 1979 911 et
2025 847 2160 911 vini
2205 847 2602 912 sumendum
2653 850 2956 914 fidelibus

544 931 911 1013 dereliquit.
1001 931 1065 997 O
1098 933 1488 1014 preciosum,
1518 943 1586 998 et
1609 935 2075 998 admirandum
2109 935 2492 998 conuiuium
2525 935 2957 1014 salutiferum,

547 1027 615 1082 et
646 1020 827 1082 omni
861 1020 1191 1083 suauitate
1224 1021 1565 1103 repletum.
1661 1021 1841 1104 Quid
1871 1024 2052 1086 enim
2086 1021 2210 1084 hoc
2248 1023 2559 1085 'conuiuio
2598 1024 2956 1105 preciosius

544 1126 688 1169 esse
719 1115 942 1189 potest
961 1112 988 1168 ?
1035 1109 1101 1170 in
1133 1126 1267 1188 quo
1300 1127 1431 1171 non
1464 1129 1697 1172 carnes
1727 1110 2081 1172 vitulorum
2113 1118 2183 1172 et
2213 1108 2561 1186 hircorum,
2591 1120 2664 1173 vt
2693 1112 2853 1173 olim
2886 1112 2952 1174 in

547 1192 710 1275 lege,
741 1194 857 1257 sed
891 1193 1083 1256 nobis
1115 1193 1414 1258 Christus
1447 1196 1810 1259 sumendus
1842 1197 2233 1279 proponitur
2261 1216 2455 1259 verus
2499 1199 2681 1262 deus.
2772 1198 2953 1281 Quid

544 1279 669 1343 hoc
701 1292 1117 1345 sacramento
1150 1282 1511 1345 mirabilius
1531 1288 1558 1344 ?
1653 1283 1730 1345 In
1763 1284 1911 1365 ipso
1942 1302 2231 1364 namque
2264 1284 2455 1365 panis
2496 1293 2565 1348 et
2609 1286 2836 1348 vinum
2886 1286 2952 1348 in

542 1387 783 1451 corpus
812 1376 881 1431 et
911 1369 1304 1452 sanguinem
1339 1368 1583 1433 Christi
1608 1370 2135 1434 substantialiter
2156 1381 2634 1434 conuertuntur
2662 1371 2955 1453 Ideoque

544 1453 848 1520 Christus
921 1456 1086 1519 deus
1145 1465 1212 1518 et
1272 1456 1478 1520 homo
1538 1456 1869 1539 perfectus
1896 1481 1909 1520 ε
1987 1458 2111 1520 sub
2172 1459 2417 1520 modici
2480 1460 2673 1542 panis
2733 1460 2954 1541 specie

541 1542 935 1605 continetur.

1146 1685 1214 1755 (I
1264 1678 1545 1743 sabbato
1574 1700 1654 1741 ex
1687 1679 1958 1744 Gemsifl
2047 1680 2259 1742 Lectio
2291 1681 2349 1746 ,ιζ

550 1802 683 1931 H
704 1802 771 1866 Is
804 1803 896 1867 ita
926 1805 1279 1867 transactis
1311 1802 1693 1904 nuntiatum
1728 1814 1830 1867 est
1865 1803 2109 1885 Ioseph
2158 1804 2338 1885 quod
2385 1813 2718 1887 egrotaret
2763 1814 2954 1888 pater

729 1910 887 1953 suus
1034 1891 1329 1954 ostendit
1364 1891 1525 1954 mihi
1562 1891 1750 1954 Deus
1781 1911 2008 1954 semen
2043 1901 2248 1954 tuum.

1051 2061 1118 2131 (Ι
1163 2054 1275 2117 Ex
1306 2055 1497 2117 Actis
1525 2055 1882 2135 apostolom
1889 2053 1998 2118 m.³
2087 2054 2298 2117 Lectio
2344 2056 2428 2119 ji.

544 2180 840 2309 FActa
870 2189 972 2242 est
1001 2188 1226 2242 autem
1276 2180 1342 2241 in
1390 2177 1502 2243 illa
1555 2179 1664 2241 die
1717 2179 2088 2261 persecutio
2140 2199 2385 2261 magna
2440 2181 2501 2242 in
2554 2179 2832 2243 ecclesia

690 2268 924 2329 horum
959 2285 1088 2347 que
1119 2265 1402 2329 dixistis

1458 2432 1525 2502 (Ι
1584 2426 1805 2488 Tertia
1834 2426 2026 2490 lectio.

716 2553 1141 2617 Anducatur⁴
1213 2551 1437 2633 itaque
1513 2571 1553 2614 a
1630 2550 1954 2628 fidelibus,
2044 2552 2159 2615 sed
2245 2550 2518 2614 minime
2608 2550 2945 2615 laceratur.

743 2642 1064 2725 Quinimo
1095 2640 1312 2703 diuiso
1343 2648 1762 2701 sacramento
1785 2639 1910 2702 sub
1934 2639 2230 2721 qualibet
2255 2639 2601 2701 diuisionis
2626 2639 2948 2721 particula

539 2731 795 2812 integer
854 2737 1248 2811 perseuerat.
1356 2725 1753 2789 Accidentia
1799 2727 2001 2788 etiarn
2053 2727 2193 2788 sine
2244 2726 2543 2789 subiecto
2590 2725 2656 2788 in
2707 2727 2944 2789 eodem

536 2819 837 2881 existunt
870 2825 938 2878 vt
972 2813 1135 2879 fides
1166 2814 1383 2876 locum
1418 2812 1680 2889 habeat,
1710 2814 1870 2875 dum
1906 2813 2233 2875 inuisibile
2263 2813 2607 2876 visibiliter
2652 2813 2950 2889 sumitur,

536 2904 750 2968 aliena
826 2903 1045 2985 specie
1119 2898 1499 2975 occultum,⁵
1574 2910 1641 2963 et
1717 2920 1946 2962 sensus
2021 2921 2061 2962 a
2137 2900 2529 2982 deceptione
2618 2901 2948 2963 immunes

540 2991 900 3054 reddantur
959 2989 1070 3070 qui
1133 2988 1217 3052 de
1278 2986 1732 3050 accidentibus
1794 2988 2090 3049 iudicant
2152 2987 2275 3050 sibi
2354 2987 2546 3050 notis,
2673 2986 2946 3050 Nullum

538 3081 740 3147 etiam
796 3085 1285 3140 sacramentum
1344 3084 1445 3137 est
1498 3074 1626 3137 isto
1679 3074 2007 3136 salubrius
2060 3093 2194 3155 quo
2243 3083 2610 3156 purgantur
2656 3085 2949 3155 peccata,

539 3167 816 3230 virtutes
868 3173 1213 3245 augentur,
1263 3173 1332 3225 et
1388 3181 1576 3223 mens
1628 3161 1931 3223 omnium
1981 3161 2419 3243 spiritualium
2470 3160 2944 3225 charismatum

538 3252 950 3316 abundantia
1010 3250 1476 3332 impinguatur.
1597 3246 1893 3312 Offertur
1968 3249 2034 3310 in
2109 3248 2386 3311 ecclesia
2462 3268 2582 3330 pro
2639 3249 2808 3311 viuis
2882 3257 2950 3310 et

542 3340 835 3415 mortuiS,
860 3348 931 3401 vt
954 3337 1263 3399 omnibus
1283 3336 1508 3418 prosit,
1527 3336 1706 3416 quod
1728 3347 1829 3397 est
1851 3356 1968 3417 pro
1992 3334 2204 3397 salute
2228 3336 2530 3397 omnium
2551 3335 2947 3399 institutum.

543 3425 962 3491 Suauitatem
1014 3424 1301 3504 denique
1351 3422 1545 3485 huius
1598 3423 1994 3484 sacramenti
2051 3422 2269 3501 nullus
2322 3421 2524 3505 digne
2572 3424 2947 3505 exprimere

543 3512 803 3589 sufficit,
852 3532 968 3594 per
1018 3510 1199 3592 quod
1252 3508 1610 3593 spiritualis
1664 3507 1948 3572 dulcedo
2003 3510 2067 3570 in
2119 3529 2241 3571 suo
2291 3509 2474 3571 sonte
2526 3518 2833 3591 gustatur
2879 3518 2948 3571 et

539 3598 848 3664 recolitur
873 3597 1193 3661 memoria
1218 3597 1407 3672 illius,
1427 3614 1628 3676 quam
1663 3596 1727 3657 in
1751 3615 1871 3657 sua
1895 3597 2203 3678 passione
2225 3595 2526 3661 Christus
2550 3596 2948 3659 monstrauit

540 3686 1097 3750 excellentissime
1199 3684 1554 3746 charitatis.
1708 3682 1908 3745 Vnde
2013 3693 2082 3744 vt
2178 3680 2583 3745 “huiusmodi
2681 3685 2949 3746 arctius⁶

541 3774 884 3837 charitatis
933 3772 1347 3834 immensitas
1399 3768 1708 3832 cordibus
1758 3770 2140 3852 infigeretur
2192 3768 2527 3833 fidelium:
2595 3770 2662 3832 in
2717 3772 2948 3834 vltima

540 3881 706 3924 cena
738 3860 1008 3942 quando
1038 3857 1284 3941 pascha
1316 3877 1467 3920 curn
1500 3856 1843 3938 discipulis
1877 3856 2211 3920 celebrato
2257 3859 2647 3921 transiturus
2694 3867 2834 3921 erat
2864 3857 2948 3921 de

542 3948 669 4012 hoc
730 3946 983 4011 mundo
1042 3947 1127 4009 ad
1191 3953 1467 4028 patrem,
1527 3943 1654 4006 hoc
1714 3954 2203 4006 sacramentum
2266 3945 2550 4007 instituit
2627 3954 2946 4026 tanquam

538 4036 865 4120 passionis
888 4053 1005 4096 sue
1031 4031 1410 4095 memoriale
1432 4050 1719 4113 perenne
1740 4028 2096 4113 figurarum
2120 4039 2420 4094 veterum
2452 4055 2465 4093 ε
2514 4032 2949 4114 impletiuum,

537 4122 1003 4186 miraculorum
1035 4119 1123 4182 ab
1154 4120 1299 4201 ipso
1331 4117 1656 4182 sactorum
1692 4119 2062 4180 maximum
2089 4141 2102 4181 :
2147 4128 2216 4181 et
2247 4119 2332 4180 de
2377 4138 2495 4180 sua
2541 4119 2949 4181 contristatis

536 4209 840 4273 absentia
871 4207 1179 4271 solatium
1213 4205 1561 4288 singulare.

634 4369 656 4465 ἓ
688 4387 754 4419 a:
792 4383 870 4433 39.
900 4378 993 4446 etc.
1846 4363 1872 4460 f
1905 4366 1994 4417 Ca.
2024 4365 2089 4425 48
2112 4366 2169 4414 in
2193 4382 2258 4414 m.
2288 4366 2463 4426 [xlviii.
2500 4367 2667 4429 1-11.]

635 4499 656 4531 ⁸
688 4434 987 4551 3313}ssss
1001 4432 1421 4562 m3gmgtc1-u⁶]
1843 4430 2501 4547 o—lvgaffltgsnffiusggdi:
2540 4510 2617 4561 39.
2647 4511 2727 4559 41.
2756 4497 2835 4547 61.
2865 4497 2945 4560 64.
