<?xml version="1.0" encoding="UTF-8"?>
<!DOCTYPE html PUBLIC "-//W3C//DTD XHTML 1.0 Transitional//EN"
    "http://www.w3.org/TR/xhtml1/DTD/xhtml1-transitional.dtd">
<html xmlns="http://www.w3.org/1999/xhtml" xml:lang="en" lang="en">
 <head>
  <title>
</title>
<meta http-equiv="Content-Type" content="text/html;charset=utf-8" />
  <meta name='ocr-system' content='tesseract 3.04.00' />
  <meta name='ocr-capabilities' content='ocr_page ocr_carea ocr_par ocr_line ocrx_word'/>
</head>
<body>
  <div class='ocr_page' id='page_1' title='image "./secondrecension00legggoog_0155.png"; bbox 0 0 3293 5225; ppageno 0'>
   <div class='ocr_carea' id='block_1_1' title="bbox 972 500 2799 563">
    <p class='ocr_par' dir='ltr' id='par_1_1' title="bbox 972 500 2799 563">
     <span class='ocr_line' id='line_1_1' title="bbox 972 500 2799 563; baseline -0.001 -11"><span class='ocrx_word' id='word_1_1' title='bbox 972 501 1357 552; x_wconf 79' lang='lat' dir='ltr'><em>DOMINJCA</em></span> <span class='ocrx_word' id='word_1_2' title='bbox 1413 501 1512 550; x_wconf 89' lang='lat' dir='ltr'>IN</span> <span class='ocrx_word' id='word_1_3' title='bbox 1560 500 1799 563; x_wconf 80' lang='lat' dir='ltr'><em>QUJNQ</em></span> <span class='ocrx_word' id='word_1_4' title='bbox 1808 500 1903 552; x_wconf 88' lang='lat' dir='ltr'>UA</span> <span class='ocrx_word' id='word_1_5' title='bbox 1914 500 2214 552; x_wconf 85' lang='lat' dir='ltr'>GESIMA.</span> <span class='ocrx_word' id='word_1_6' title='bbox 2739 500 2799 550; x_wconf 77' lang='lat'>81</span> 
     </span>
    </p>
   </div>
   <div class='ocr_carea' id='block_1_2' title="bbox 960 701 2220 780">
    <p class='ocr_par' dir='ltr' id='par_1_2' title="bbox 960 701 2220 780">
     <span class='ocr_line' id='line_1_2' title="bbox 960 701 2220 780; baseline 0.001 -13"><span class='ocrx_word' id='word_1_7' title='bbox 960 710 1028 780; x_wconf 99' lang='grc' dir='ltr'>(Ι</span> <span class='ocrx_word' id='word_1_8' title='bbox 1076 704 1272 767; x_wconf 85' lang='lat' dir='ltr'>Feria</span> <span class='ocrx_word' id='word_1_9' title='bbox 1301 703 1405 769; x_wconf 60' lang='grc' dir='ltr'>κυεῖ</span> <span class='ocrx_word' id='word_1_10' title='bbox 1437 725 1516 767; x_wconf 79' lang='lat' dir='ltr'>ex</span> <span class='ocrx_word' id='word_1_11' title='bbox 1548 701 1820 768; x_wconf 88' lang='lat' dir='ltr'>Genesi.¹</span> <span class='ocrx_word' id='word_1_12' title='bbox 1908 702 2128 766; x_wconf 80' lang='lat' dir='ltr'><em>Lectio</em></span> <span class='ocrx_word' id='word_1_13' title='bbox 2159 701 2220 769; x_wconf 87' lang='lat' dir='ltr'>.i.</span> 
     </span>
    </p>
   </div>
   <div class='ocr_carea' id='block_1_3' title="bbox 395 814 2802 988">
    <p class='ocr_par' dir='ltr' id='par_1_3' title="bbox 395 814 2802 988">
     <span class='ocr_line' id='line_1_3' title="bbox 395 814 2802 944; baseline 0.001 -66"><span class='ocrx_word' id='word_1_14' title='bbox 395 815 806 944; x_wconf 86' lang='lat' dir='ltr'>Dlxitque</span> <span class='ocrx_word' id='word_1_15' title='bbox 825 816 1137 917; x_wconf 76' lang='lat' dir='ltr'>dominus</span> <span class='ocrx_word' id='word_1_16' title='bbox 1156 817 1240 917; x_wconf 78' lang='lat' dir='ltr'>ad</span> <span class='ocrx_word' id='word_1_17' title='bbox 1268 836 1421 879; x_wconf 91' lang='lat' dir='ltr'>eum</span> <span class='ocrx_word' id='word_1_18' title='bbox 1450 839 1465 880; x_wconf 74' lang='grc' dir='ltr'>ε</span> <span class='ocrx_word' id='word_1_19' title='bbox 1503 815 1860 899; x_wconf 84' lang='lat' dir='ltr'>Ingredere</span> <span class='ocrx_word' id='word_1_20' title='bbox 1993 815 2438 899; x_wconf 87' lang='lat' dir='ltr'>quadraginta</span> <span class='ocrx_word' id='word_1_21' title='bbox 2468 814 2703 879; x_wconf 90' lang='lat' dir='ltr'>diebus</span> <span class='ocrx_word' id='word_1_22' title='bbox 2733 823 2802 880; x_wconf 88' lang='lat' dir='ltr'>et</span> 
     </span>
     <span class='ocr_line' id='line_1_4' title="bbox 558 904 1357 988; baseline 0.003 -22"><span class='ocrx_word' id='word_1_23' title='bbox 558 905 1004 988; x_wconf 80' lang='lat' dir='ltr'>quadragrnta</span> <span class='ocrx_word' id='word_1_24' title='bbox 1035 904 1357 968; x_wconf 74' lang='lat' dir='ltr'>noctibus,</span> 
     </span>
    </p>
   </div>
   <div class='ocr_carea' id='block_1_4' title="bbox 939 1027 2232 1121">
    <p class='ocr_par' dir='ltr' id='par_1_4' title="bbox 939 1027 2232 1121">
     <span class='ocr_line' id='line_1_5' title="bbox 939 1027 2232 1121; baseline -0.001 -18"><span class='ocrx_word' id='word_1_25' title='bbox 939 1045 1007 1115; x_wconf 99' lang='grc' dir='ltr'>(Ι</span> <span class='ocrx_word' id='word_1_26' title='bbox 1056 1027 1426 1103; x_wconf 75' lang='lat' dir='ltr'>Secundum</span> <span class='ocrx_word' id='word_1_27' title='bbox 1456 1035 1812 1102; x_wconf 55' lang='lat' dir='ltr'>Ioannem?</span> <span class='ocrx_word' id='word_1_28' title='bbox 1898 1038 2118 1102; x_wconf 84' lang='lat' dir='ltr'><em>Lectio</em></span> <span class='ocrx_word' id='word_1_29' title='bbox 2147 1038 2232 1121; x_wconf 70' lang='grc' dir='ltr'>.ῂῖ</span> 
     </span>
    </p>
   </div>
   <div class='ocr_carea' id='block_1_5' title="bbox 529 1151 2795 1303">
    <p class='ocr_par' dir='ltr' id='par_1_5' title="bbox 529 1151 2795 1303">
     <span class='ocr_line' id='line_1_6' title="bbox 529 1151 2795 1234; baseline 0.001 -19"><span class='ocrx_word' id='word_1_30' title='bbox 529 1151 689 1215; x_wconf 89' lang='lat' dir='ltr'>Men</span> <span class='ocrx_word' id='word_1_31' title='bbox 722 1172 917 1215; x_wconf 92' lang='lat' dir='ltr'>amen</span> <span class='ocrx_word' id='word_1_32' title='bbox 953 1152 1103 1214; x_wconf 92' lang='lat' dir='ltr'>dico</span> <span class='ocrx_word' id='word_1_33' title='bbox 1133 1152 1342 1227; x_wconf 91' lang='lat' dir='ltr'>vobis,</span> <span class='ocrx_word' id='word_1_34' title='bbox 1371 1151 1486 1234; x_wconf 90' lang='lat' dir='ltr'>qui</span> <span class='ocrx_word' id='word_1_35' title='bbox 1518 1151 1730 1214; x_wconf 89' lang='lat' dir='ltr'>credit</span> <span class='ocrx_word' id='word_1_36' title='bbox 1762 1152 1826 1213; x_wconf 90' lang='lat' dir='ltr'>in</span> <span class='ocrx_word' id='word_1_37' title='bbox 1862 1172 1986 1229; x_wconf 90' lang='lat' dir='ltr'>me,</span> <span class='ocrx_word' id='word_1_38' title='bbox 2015 1151 2219 1215; x_wconf 88' lang='lat' dir='ltr'>habet</span> <span class='ocrx_word' id='word_1_39' title='bbox 2243 1152 2451 1217; x_wconf 91' lang='lat' dir='ltr'>vitam</span> <span class='ocrx_word' id='word_1_40' title='bbox 2497 1164 2795 1217; x_wconf 87' lang='lat' dir='ltr'>eternam</span> 
     </span>
     <span class='ocr_line' id='line_1_7' title="bbox 673 1238 1568 1303; baseline 0 0"><span class='ocrx_word' id='word_1_41' title='bbox 673 1249 846 1303; x_wconf 91' lang='lat' dir='ltr'>esset</span> <span class='ocrx_word' id='word_1_42' title='bbox 878 1259 1047 1302; x_wconf 90' lang='lat' dir='ltr'>vnus</span> <span class='ocrx_word' id='word_1_43' title='bbox 1077 1259 1167 1302; x_wconf 87' lang='lat' dir='ltr'>ex</span> <span class='ocrx_word' id='word_1_44' title='bbox 1198 1238 1568 1303; x_wconf 87' lang='lat' dir='ltr'>duodecim.</span> 
     </span>
    </p>
   </div>
   <div class='ocr_carea' id='block_1_6' title="bbox 899 1373 2274 1457">
    <p class='ocr_par' dir='ltr' id='par_1_6' title="bbox 899 1373 2274 1457">
     <span class='ocr_line' id='line_1_8' title="bbox 899 1373 2274 1457; baseline 0 -18"><span class='ocrx_word' id='word_1_45' title='bbox 899 1382 967 1452; x_wconf 99' lang='grc' dir='ltr'>(Ι</span> <span class='ocrx_word' id='word_1_46' title='bbox 1018 1375 1299 1440; x_wconf 82' lang='lat' dir='ltr'><em>Sabbato</em></span> <span class='ocrx_word' id='word_1_47' title='bbox 1328 1396 1408 1438; x_wconf 79' lang='lat' dir='ltr'>ex</span> <span class='ocrx_word' id='word_1_48' title='bbox 1440 1373 1714 1440; x_wconf 79' lang='lat' dir='ltr'>Genesz&#39;.³</span> <span class='ocrx_word' id='word_1_49' title='bbox 1801 1375 2016 1438; x_wconf 83' lang='lat' dir='ltr'><em>Lectio</em></span> <span class='ocrx_word' id='word_1_50' title='bbox 2030 1376 2274 1457; x_wconf 85' lang='lat' dir='ltr'>prima.</span> 
     </span>
    </p>
   </div>
   <div class='ocr_carea' id='block_1_7' title="bbox 393 1487 2797 1658">
    <p class='ocr_par' dir='ltr' id='par_1_7' title="bbox 393 1487 2797 1658">
     <span class='ocr_line' id='line_1_9' title="bbox 393 1487 2797 1614; baseline 0.002 -64"><span class='ocrx_word' id='word_1_51' title='bbox 393 1487 527 1614; x_wconf 84' lang='lat' dir='ltr'>IN</span> <span class='ocrx_word' id='word_1_52' title='bbox 560 1488 853 1589; x_wconf 45' lang='lat' dir='ltr'>articulo·</span> <span class='ocrx_word' id='word_1_53' title='bbox 871 1488 1001 1551; x_wconf 87' lang='lat' dir='ltr'>diei</span> <span class='ocrx_word' id='word_1_54' title='bbox 1046 1488 1217 1589; x_wconf 74' lang='lat' dir='ltr'>illius</span> <span class='ocrx_word' id='word_1_55' title='bbox 1250 1487 1584 1569; x_wconf 84' lang='lat' dir='ltr'>ingressus</span> <span class='ocrx_word' id='word_1_56' title='bbox 1616 1497 1719 1582; x_wconf 82' lang='lat' dir='ltr'>est</span> <span class='ocrx_word' id='word_1_57' title='bbox 1754 1488 1903 1552; x_wconf 92' lang='lat' dir='ltr'>Noe</span> <span class='ocrx_word' id='word_1_58' title='bbox 2049 1508 2222 1570; x_wconf 91' lang='lat' dir='ltr'>aque</span> <span class='ocrx_word' id='word_1_59' title='bbox 2253 1498 2493 1553; x_wconf 87' lang='lat' dir='ltr'>terram</span> <span class='ocrx_word' id='word_1_60' title='bbox 2525 1497 2797 1554; x_wconf 88' lang='lat' dir='ltr'>centum</span> 
     </span>
     <span class='ocr_line' id='line_1_10' title="bbox 491 1576 1257 1658; baseline 0.003 -21"><span class='ocrx_word' id='word_1_61' title='bbox 491 1587 976 1658; x_wconf 74' lang='lat' dir='ltr'>quinquagmta</span> <span class='ocrx_word' id='word_1_62' title='bbox 1007 1576 1257 1639; x_wconf 80' lang='lat' dir='ltr'>drebuS.</span> 
     </span>
    </p>
   </div>
   <div class='ocr_carea' id='block_1_8' title="bbox 940 1711 2232 1796">
    <p class='ocr_par' dir='ltr' id='par_1_8' title="bbox 940 1711 2232 1796">
     <span class='ocr_line' id='line_1_11' title="bbox 940 1711 2232 1796; baseline 0.002 -21"><span class='ocrx_word' id='word_1_63' title='bbox 940 1719 1008 1789; x_wconf 99' lang='grc' dir='ltr'>(Ι</span> <span class='ocrx_word' id='word_1_64' title='bbox 1058 1712 1425 1776; x_wconf 82' lang='lat' dir='ltr'>Secundum</span> <span class='ocrx_word' id='word_1_65' title='bbox 1457 1711 1815 1775; x_wconf 83' lang='lat' dir='ltr'>Ioannem.⁴</span> <span class='ocrx_word' id='word_1_66' title='bbox 1899 1713 2115 1776; x_wconf 86' lang='lat' dir='ltr'><em>Lectio</em></span> <span class='ocrx_word' id='word_1_67' title='bbox 2145 1713 2232 1796; x_wconf 59' lang='lat' dir='ltr'>,ill</span> 
     </span>
    </p>
   </div>
   <div class='ocr_carea' id='block_1_9' title="bbox 502 1822 2795 1976">
    <p class='ocr_par' dir='ltr' id='par_1_9' title="bbox 502 1822 2795 1976">
     <span class='ocr_line' id='line_1_12' title="bbox 502 1822 2795 1890; baseline 0 -1"><span class='ocrx_word' id='word_1_68' title='bbox 502 1822 632 1889; x_wconf 91' lang='lat' dir='ltr'>Ost</span> <span class='ocrx_word' id='word_1_69' title='bbox 704 1825 826 1888; x_wconf 91' lang='lat' dir='ltr'>hec</span> <span class='ocrx_word' id='word_1_70' title='bbox 887 1836 1113 1888; x_wconf 90' lang='lat' dir='ltr'>autem</span> <span class='ocrx_word' id='word_1_71' title='bbox 1175 1825 1568 1888; x_wconf 85' lang='lat' dir='ltr'>ambulabat</span> <span class='ocrx_word' id='word_1_72' title='bbox 1633 1825 1820 1887; x_wconf 92' lang='lat' dir='ltr'>lesus</span> <span class='ocrx_word' id='word_1_73' title='bbox 1881 1826 1947 1887; x_wconf 93' lang='lat' dir='ltr'>in</span> <span class='ocrx_word' id='word_1_74' title='bbox 2011 1824 2338 1889; x_wconf 89' lang='lat' dir='ltr'>Galileam</span> <span class='ocrx_word' id='word_1_75' title='bbox 2548 1827 2795 1890; x_wconf 88' lang='lat' dir='ltr'>iustum</span> 
     </span>
     <span class='ocr_line' id='line_1_13' title="bbox 530 1911 1183 1976; baseline 0.003 -3"><span class='ocrx_word' id='word_1_76' title='bbox 530 1911 845 1975; x_wconf 90' lang='lat' dir='ltr'>iudicium</span> <span class='ocrx_word' id='word_1_77' title='bbox 880 1912 1183 1976; x_wconf 86' lang='lat' dir='ltr'>iudicate.</span> 
     </span>
    </p>
   </div>
   <div class='ocr_carea' id='block_1_10' title="bbox 392 2047 2768 2291">
    <p class='ocr_par' dir='ltr' id='par_1_10' title="bbox 392 2047 2768 2291">
     <span class='ocr_line' id='line_1_14' title="bbox 504 2047 2626 2133; baseline 0.001 -22"><span class='ocrx_word' id='word_1_78' title='bbox 504 2054 572 2124; x_wconf 99' lang='grc' dir='ltr'>(Ι</span> <span class='ocrx_word' id='word_1_79' title='bbox 616 2048 965 2112; x_wconf 86' lang='lat' dir='ltr'><em>Dominica</em></span> <span class='ocrx_word' id='word_1_80' title='bbox 995 2050 1064 2112; x_wconf 81' lang='lat' dir='ltr'>in</span> <span class='ocrx_word' id='word_1_81' title='bbox 1094 2047 1655 2132; x_wconf 80' lang='lat' dir='ltr'>quinquagesima⁵</span> <span class='ocrx_word' id='word_1_82' title='bbox 1686 2069 1765 2110; x_wconf 77' lang='lat' dir='ltr'>ex</span> <span class='ocrx_word' id='word_1_83' title='bbox 1797 2047 2069 2112; x_wconf 81' lang='lat' dir='ltr'>Genesi.⁶</span> <span class='ocrx_word' id='word_1_84' title='bbox 2155 2049 2367 2113; x_wconf 90' lang='lat' dir='ltr'><em>Lectio</em></span> <span class='ocrx_word' id='word_1_85' title='bbox 2382 2051 2626 2133; x_wconf 84' lang='lat' dir='ltr'>prima.</span> 
     </span>
     <span class='ocr_line' id='line_1_15' title="bbox 392 2161 2768 2291; baseline 0.003 -67"><span class='ocrx_word' id='word_1_86' title='bbox 392 2161 902 2291; x_wconf 82' lang='lat' dir='ltr'>REcordatus</span> <span class='ocrx_word' id='word_1_87' title='bbox 934 2170 1159 2225; x_wconf 89' lang='lat' dir='ltr'>autem</span> <span class='ocrx_word' id='word_1_88' title='bbox 1192 2161 1355 2224; x_wconf 91' lang='lat' dir='ltr'>deus</span> <span class='ocrx_word' id='word_1_89' title='bbox 1392 2162 1451 2222; x_wconf 92' lang='lat' dir='ltr'>N</span> <span class='ocrx_word' id='word_1_90' title='bbox 1460 2182 1541 2224; x_wconf 90' lang='lat' dir='ltr'>oe</span> <span class='ocrx_word' id='word_1_91' title='bbox 1690 2181 1822 2223; x_wconf 91' lang='lat' dir='ltr'>non</span> <span class='ocrx_word' id='word_1_92' title='bbox 1856 2170 1959 2224; x_wconf 92' lang='lat' dir='ltr'>est</span> <span class='ocrx_word' id='word_1_93' title='bbox 1991 2182 2251 2226; x_wconf 89' lang='lat' dir='ltr'>reuersa</span> <span class='ocrx_word' id='word_1_94' title='bbox 2284 2164 2454 2227; x_wconf 89' lang='lat' dir='ltr'>vltra</span> <span class='ocrx_word' id='word_1_95' title='bbox 2487 2166 2572 2229; x_wconf 93' lang='lat' dir='ltr'>ad</span> <span class='ocrx_word' id='word_1_96' title='bbox 2596 2185 2768 2233; x_wconf 89' lang='lat' dir='ltr'>eum.</span> 
     </span>
    </p>
   </div>
   <div class='ocr_carea' id='block_1_11' title="bbox 930 2357 2246 2444">
    <p class='ocr_par' dir='ltr' id='par_1_11' title="bbox 930 2357 2246 2444">
     <span class='ocr_line' id='line_1_16' title="bbox 930 2357 2246 2444; baseline 0.005 -24"><span class='ocrx_word' id='word_1_97' title='bbox 930 2367 995 2436; x_wconf 92' lang='grc' dir='ltr'>(Ι</span> <span class='ocrx_word' id='word_1_98' title='bbox 1041 2358 1442 2424; x_wconf 82' lang='lat' dir='ltr'>⁷Secundum</span> <span class='ocrx_word' id='word_1_99' title='bbox 1475 2357 1830 2423; x_wconf 80' lang='lat' dir='ltr'>Ioannem.⁸</span> <span class='ocrx_word' id='word_1_100' title='bbox 1915 2360 2129 2423; x_wconf 83' lang='lat' dir='ltr'><em>Lectio</em></span> <span class='ocrx_word' id='word_1_101' title='bbox 2162 2361 2246 2444; x_wconf 65' lang='lat' dir='ltr'>‚ill</span> 
     </span>
    </p>
   </div>
   <div class='ocr_carea' id='block_1_12' title="bbox 390 2471 2798 2625">
    <p class='ocr_par' dir='ltr' id='par_1_12' title="bbox 390 2471 2798 2625">
     <span class='ocr_line' id='line_1_17' title="bbox 390 2471 2798 2600; baseline 0.003 -66"><span class='ocrx_word' id='word_1_102' title='bbox 390 2471 809 2600; x_wconf 87' lang='lat' dir='ltr'>chebant</span> <span class='ocrx_word' id='word_1_103' title='bbox 855 2493 1015 2555; x_wconf 87' lang='lat' dir='ltr'>ergo</span> <span class='ocrx_word' id='word_1_104' title='bbox 1064 2473 1334 2555; x_wconf 91' lang='lat' dir='ltr'>quidam</span> <span class='ocrx_word' id='word_1_105' title='bbox 1369 2493 1459 2535; x_wconf 84' lang='lat' dir='ltr'>ex</span> <span class='ocrx_word' id='word_1_106' title='bbox 1497 2471 2008 2553; x_wconf 81' lang='lat' dir='ltr'>lerosolymitis⁹</span> <span class='ocrx_word' id='word_1_107' title='bbox 2154 2494 2353 2538; x_wconf 91' lang='lat' dir='ltr'>nemo</span> <span class='ocrx_word' id='word_1_108' title='bbox 2386 2477 2565 2540; x_wconf 87' lang='lat' dir='ltr'>misit</span> <span class='ocrx_word' id='word_1_109' title='bbox 2597 2498 2798 2561; x_wconf 89' lang='lat' dir='ltr'>super</span> 
     </span>
     <span class='ocr_line' id='line_1_18' title="bbox 552 2580 991 2625; baseline 0.002 -2"><span class='ocrx_word' id='word_1_110' title='bbox 552 2580 704 2624; x_wconf 89' lang='lat' dir='ltr'>eum</span> <span class='ocrx_word' id='word_1_111' title='bbox 739 2580 991 2625; x_wconf 80' lang='lat' dir='ltr'>manus,</span> 
     </span>
    </p>
   </div>
   <div class='ocr_carea' id='block_1_13' title="bbox 946 2695 2231 2774">
    <p class='ocr_par' dir='ltr' id='par_1_13' title="bbox 946 2695 2231 2774">
     <span class='ocr_line' id='line_1_19' title="bbox 946 2695 2231 2774; baseline 0.002 -14"><span class='ocrx_word' id='word_1_112' title='bbox 946 2705 1011 2774; x_wconf 92' lang='grc' dir='ltr'>(Ι</span> <span class='ocrx_word' id='word_1_113' title='bbox 1069 2697 1293 2761; x_wconf 84' lang='lat' dir='ltr'>Tertia</span> <span class='ocrx_word' id='word_1_114' title='bbox 1322 2695 1501 2760; x_wconf 86' lang='lat' dir='ltr'><em>lectio</em></span> <span class='ocrx_word' id='word_1_115' title='bbox 1530 2696 1879 2759; x_wconf 82' lang='lat' dir='ltr'><em>secundum</em></span> <span class='ocrx_word' id='word_1_116' title='bbox 1910 2695 2231 2762; x_wconf 85' lang='lat' dir='ltr'>Lucam.¹⁰</span> 
     </span>
    </p>
   </div>
   <div class='ocr_carea' id='block_1_14' title="bbox 374 2807 2793 3151">
    <p class='ocr_par' dir='ltr' id='par_1_14' title="bbox 460 2807 2793 2892">
     <span class='ocr_line' id='line_1_20' title="bbox 460 2807 2793 2892; baseline 0.003 -20"><span class='ocrx_word' id='word_1_117' title='bbox 460 2809 522 2872; x_wconf 94' lang='lat' dir='ltr'>N</span> <span class='ocrx_word' id='word_1_118' title='bbox 588 2809 701 2873; x_wconf 91' lang='lat' dir='ltr'>illo</span> <span class='ocrx_word' id='word_1_119' title='bbox 762 2819 1063 2892; x_wconf 89' lang='lat' dir='ltr'>tempore</span> <span class='ocrx_word' id='word_1_120' title='bbox 1123 2809 1483 2890; x_wconf 85' lang='lat' dir='ltr'>assumpsit</span> <span class='ocrx_word' id='word_1_121' title='bbox 1549 2808 1735 2870; x_wconf 90' lang='lat' dir='ltr'>Iesus</span> <span class='ocrx_word' id='word_1_122' title='bbox 1798 2807 2152 2871; x_wconf 89' lang='lat' dir='ltr'>duodecim</span> <span class='ocrx_word' id='word_1_123' title='bbox 2216 2809 2578 2891; x_wconf 90' lang='lat' dir='ltr'>discipulos</span> <span class='ocrx_word' id='word_1_124' title='bbox 2637 2833 2793 2878; x_wconf 91' lang='lat' dir='ltr'>suos</span> 
     </span>
    </p>

    <p class='ocr_par' dir='ltr' id='par_1_15' title="bbox 374 2895 2792 3151">
     <span class='ocr_line' id='line_1_21' title="bbox 486 2895 2792 2978; baseline 0.002 -18"><span class='ocrx_word' id='word_1_125' title='bbox 486 2907 757 2974; x_wconf 79' lang='lat' dir='ltr'>secrete,</span> <span class='ocrx_word' id='word_1_126' title='bbox 830 2909 898 2960; x_wconf 93' lang='lat' dir='ltr'>et</span> <span class='ocrx_word' id='word_1_127' title='bbox 973 2899 1067 2960; x_wconf 92' lang='lat' dir='ltr'>ait</span> <span class='ocrx_word' id='word_1_128' title='bbox 1143 2895 1284 2958; x_wconf 86' lang='lat' dir='ltr'>illis.</span> <span class='ocrx_word' id='word_1_129' title='bbox 1397 2895 1573 2957; x_wconf 88' lang='lat' dir='ltr'>Ecce</span> <span class='ocrx_word' id='word_1_130' title='bbox 1650 2895 2069 2958; x_wconf 86' lang='lat' dir='ltr'>ascendimus</span> <span class='ocrx_word' id='word_1_131' title='bbox 2151 2895 2649 2978; x_wconf 85' lang='lat' dir='ltr'>lerosolymam,</span> <span class='ocrx_word' id='word_1_132' title='bbox 2723 2912 2792 2964; x_wconf 93' lang='lat' dir='ltr'>et</span> 
     </span>
     <span class='ocr_line' id='line_1_22' title="bbox 374 2981 2791 3066; baseline 0.002 -20"><span class='ocrx_word' id='word_1_133' title='bbox 374 2984 1016 3047; x_wconf 90' lang='lat' dir='ltr'>consummabuntur</span> <span class='ocrx_word' id='word_1_134' title='bbox 1060 2984 1302 3059; x_wconf 91' lang='lat' dir='ltr'>omnia,</span> <span class='ocrx_word' id='word_1_135' title='bbox 1335 3002 1464 3063; x_wconf 92' lang='lat' dir='ltr'>que</span> <span class='ocrx_word' id='word_1_136' title='bbox 1508 2981 1757 3063; x_wconf 91' lang='lat' dir='ltr'>scripta</span> <span class='ocrx_word' id='word_1_137' title='bbox 1801 2992 1960 3045; x_wconf 90' lang='lat' dir='ltr'>sunt</span> <span class='ocrx_word' id='word_1_138' title='bbox 1988 3002 2107 3064; x_wconf 88' lang='lat' dir='ltr'>per</span> <span class='ocrx_word' id='word_1_139' title='bbox 2137 2982 2504 3066; x_wconf 88' lang='lat' dir='ltr'>prophetas</span> <span class='ocrx_word' id='word_1_140' title='bbox 2538 2985 2621 3049; x_wconf 90' lang='lat' dir='ltr'>de</span> <span class='ocrx_word' id='word_1_141' title='bbox 2652 2984 2791 3051; x_wconf 90' lang='lat' dir='ltr'>filio</span> 
     </span>
     <span class='ocr_line' id='line_1_23' title="bbox 376 3070 1163 3151; baseline -0.003 -17"><span class='ocrx_word' id='word_1_142' title='bbox 376 3070 680 3135; x_wconf 91' lang='lat' dir='ltr'>hominis.</span> <span class='ocrx_word' id='word_1_143' title='bbox 773 3071 864 3134; x_wconf 91' lang='lat' dir='ltr'>Et</span> <span class='ocrx_word' id='word_1_144' title='bbox 896 3071 1163 3151; x_wconf 89' lang='lat' dir='ltr'>reliqua.</span> 
     </span>
    </p>
   </div>
   <div class='ocr_carea' id='block_1_15' title="bbox 993 3194 2176 3278">
    <p class='ocr_par' dir='ltr' id='par_1_16' title="bbox 993 3194 2176 3278">
     <span class='ocr_line' id='line_1_24' title="bbox 993 3194 2176 3278; baseline -0.003 -18"><span class='ocrx_word' id='word_1_145' title='bbox 993 3204 1061 3274; x_wconf 99' lang='grc' dir='ltr'>(Ι</span> <span class='ocrx_word' id='word_1_146' title='bbox 1106 3197 1190 3260; x_wconf 91' lang='lat' dir='ltr'><em>H</em></span> <span class='ocrx_word' id='word_1_147' title='bbox 1182 3196 1408 3260; x_wconf 86' lang='lat' dir='ltr'><em>omilia</em></span> <span class='ocrx_word' id='word_1_148' title='bbox 1435 3194 1652 3259; x_wconf 86' lang='lat' dir='ltr'>sancti</span> <span class='ocrx_word' id='word_1_149' title='bbox 1681 3194 1741 3259; x_wconf 85' lang='lat' dir='ltr'><em>G</em></span> <span class='ocrx_word' id='word_1_150' title='bbox 1744 3195 1990 3277; x_wconf 49' lang='lat' dir='ltr'>regom-&#39;j</span> <span class='ocrx_word' id='word_1_151' title='bbox 1995 3206 2176 3278; x_wconf 84' lang='lat' dir='ltr'>pape.</span> 
     </span>
    </p>
   </div>
   <div class='ocr_carea' id='block_1_16' title="bbox 367 3308 2786 4182">
    <p class='ocr_par' dir='ltr' id='par_1_17' title="bbox 367 3308 2786 4182">
     <span class='ocr_line' id='line_1_25' title="bbox 388 3308 2785 3442; baseline 0.003 -68"><span class='ocrx_word' id='word_1_152' title='bbox 388 3311 897 3442; x_wconf 82' lang='lat' dir='ltr'>REdemptor</span> <span class='ocrx_word' id='word_1_153' title='bbox 957 3320 1181 3374; x_wconf 89' lang='lat' dir='ltr'>noster</span> <span class='ocrx_word' id='word_1_154' title='bbox 1233 3308 1588 3392; x_wconf 91' lang='lat' dir='ltr'>preuidens</span> <span class='ocrx_word' id='word_1_155' title='bbox 1639 3329 1726 3370; x_wconf 87' lang='lat' dir='ltr'>ex</span> <span class='ocrx_word' id='word_1_156' title='bbox 1780 3308 2087 3390; x_wconf 87' lang='lat' dir='ltr'>passione</span> <span class='ocrx_word' id='word_1_157' title='bbox 2137 3329 2258 3372; x_wconf 92' lang='lat' dir='ltr'>sua</span> <span class='ocrx_word' id='word_1_158' title='bbox 2309 3311 2785 3396; x_wconf 90' lang='lat' dir='ltr'>discipulorum</span> 
     </span>
     <span class='ocr_line' id='line_1_26' title="bbox 549 3396 2786 3483; baseline 0.003 -21"><span class='ocrx_word' id='word_1_159' title='bbox 549 3400 810 3462; x_wconf 90' lang='lat' dir='ltr'>animos</span> <span class='ocrx_word' id='word_1_160' title='bbox 871 3396 1395 3481; x_wconf 84' lang='lat' dir='ltr'>perturbandos:</span> <span class='ocrx_word' id='word_1_161' title='bbox 1469 3396 1563 3457; x_wconf 91' lang='lat' dir='ltr'>eis</span> <span class='ocrx_word' id='word_1_162' title='bbox 1624 3399 1822 3475; x_wconf 88' lang='lat' dir='ltr'>longe</span> <span class='ocrx_word' id='word_1_163' title='bbox 1882 3404 2038 3458; x_wconf 89' lang='lat' dir='ltr'>ante</span> <span class='ocrx_word' id='word_1_164' title='bbox 2099 3397 2394 3461; x_wconf 88' lang='lat' dir='ltr'>eiusdem</span> <span class='ocrx_word' id='word_1_165' title='bbox 2459 3404 2786 3483; x_wconf 87' lang='lat' dir='ltr'>passionis</span> 
     </span>
     <span class='ocr_line' id='line_1_27' title="bbox 371 3481 2782 3569; baseline 0.002 -20"><span class='ocrx_word' id='word_1_166' title='bbox 371 3506 633 3569; x_wconf 89' lang='lat' dir='ltr'>penam,</span> <span class='ocrx_word' id='word_1_167' title='bbox 693 3497 762 3549; x_wconf 93' lang='lat' dir='ltr'>et</span> <span class='ocrx_word' id='word_1_168' title='bbox 836 3485 1326 3548; x_wconf 88' lang='lat' dir='ltr'>resurrectionis</span> <span class='ocrx_word' id='word_1_169' title='bbox 1400 3502 1519 3546; x_wconf 89' lang='lat' dir='ltr'>sue</span> <span class='ocrx_word' id='word_1_170' title='bbox 1578 3481 1858 3565; x_wconf 87' lang='lat' dir='ltr'>gloriam</span> <span class='ocrx_word' id='word_1_171' title='bbox 1919 3483 2217 3565; x_wconf 87' lang='lat' dir='ltr'>predicit,</span> <span class='ocrx_word' id='word_1_172' title='bbox 2274 3494 2346 3548; x_wconf 93' lang='lat' dir='ltr'>vt</span> <span class='ocrx_word' id='word_1_173' title='bbox 2407 3486 2568 3551; x_wconf 91' lang='lat' dir='ltr'>dum</span> <span class='ocrx_word' id='word_1_174' title='bbox 2629 3510 2782 3555; x_wconf 91' lang='lat' dir='ltr'>eum</span> 
     </span>
     <span class='ocr_line' id='line_1_28' title="bbox 373 3568 2782 3655; baseline 0.002 -19"><span class='ocrx_word' id='word_1_175' title='bbox 373 3575 766 3637; x_wconf 90' lang='lat' dir='ltr'>morientem</span> <span class='ocrx_word' id='word_1_176' title='bbox 798 3572 995 3655; x_wconf 91' lang='lat' dir='ltr'>(sicut</span> <span class='ocrx_word' id='word_1_177' title='bbox 1042 3572 1411 3654; x_wconf 89' lang='lat' dir='ltr'>predictum</span> <span class='ocrx_word' id='word_1_178' title='bbox 1444 3568 1576 3651; x_wconf 89' lang='lat' dir='ltr'>est)</span> <span class='ocrx_word' id='word_1_179' title='bbox 1606 3578 1989 3631; x_wconf 88' lang='lat' dir='ltr'>cernerent:</span> <span class='ocrx_word' id='word_1_180' title='bbox 2034 3570 2236 3633; x_wconf 91' lang='lat' dir='ltr'>etiam</span> <span class='ocrx_word' id='word_1_181' title='bbox 2270 3585 2782 3642; x_wconf 88' lang='lat' dir='ltr'>resurrecturum</span> 
     </span>
     <span class='ocr_line' id='line_1_29' title="bbox 369 3655 2782 3740; baseline 0.002 -18"><span class='ocrx_word' id='word_1_182' title='bbox 369 3680 503 3723; x_wconf 92' lang='lat' dir='ltr'>non</span> <span class='ocrx_word' id='word_1_183' title='bbox 550 3660 953 3725; x_wconf 82' lang='lat' dir='ltr'>dubitarent.</span> <span class='ocrx_word' id='word_1_184' title='bbox 1045 3657 1181 3723; x_wconf 87' lang='lat' dir='ltr'>Sed</span> <span class='ocrx_word' id='word_1_185' title='bbox 1227 3658 1383 3739; x_wconf 92' lang='lat' dir='ltr'>quia</span> <span class='ocrx_word' id='word_1_186' title='bbox 1428 3655 1726 3719; x_wconf 86' lang='lat' dir='ltr'>carnales</span> <span class='ocrx_word' id='word_1_187' title='bbox 1772 3655 1991 3719; x_wconf 87' lang='lat' dir='ltr'>adhuc</span> <span class='ocrx_word' id='word_1_188' title='bbox 2023 3656 2329 3740; x_wconf 85' lang='lat' dir='ltr'>discipuli</span> <span class='ocrx_word' id='word_1_189' title='bbox 2361 3661 2546 3724; x_wconf 90' lang='lat' dir='ltr'>nullo</span> <span class='ocrx_word' id='word_1_190' title='bbox 2579 3666 2782 3727; x_wconf 91' lang='lat' dir='ltr'>modo</span> 
     </span>
     <span class='ocr_line' id='line_1_30' title="bbox 367 3740 2782 3829; baseline 0.002 -18"><span class='ocrx_word' id='word_1_191' title='bbox 367 3747 681 3812; x_wconf 87' lang='lat' dir='ltr'>valebant</span> <span class='ocrx_word' id='word_1_192' title='bbox 731 3766 967 3829; x_wconf 90' lang='lat' dir='ltr'>capere</span> <span class='ocrx_word' id='word_1_193' title='bbox 1006 3746 1207 3808; x_wconf 90' lang='lat' dir='ltr'>verba</span> <span class='ocrx_word' id='word_1_194' title='bbox 1259 3740 1595 3826; x_wconf 87' lang='lat' dir='ltr'>mysterij:</span> <span class='ocrx_word' id='word_1_195' title='bbox 1660 3743 1922 3805; x_wconf 89' lang='lat' dir='ltr'>venitur</span> <span class='ocrx_word' id='word_1_196' title='bbox 1966 3744 2050 3807; x_wconf 92' lang='lat' dir='ltr'>ad</span> <span class='ocrx_word' id='word_1_197' title='bbox 2099 3745 2505 3812; x_wconf 88' lang='lat' dir='ltr'>miraculum.</span> <span class='ocrx_word' id='word_1_198' title='bbox 2595 3749 2782 3816; x_wconf 89' lang='lat' dir='ltr'>Ante</span> 
     </span>
     <span class='ocr_line' id='line_1_31' title="bbox 369 3829 2782 3917; baseline 0.002 -20"><span class='ocrx_word' id='word_1_199' title='bbox 369 3853 599 3898; x_wconf 88' lang='lat' dir='ltr'>eorum</span> <span class='ocrx_word' id='word_1_200' title='bbox 652 3833 881 3897; x_wconf 92' lang='lat' dir='ltr'>oculos</span> <span class='ocrx_word' id='word_1_201' title='bbox 932 3853 1125 3896; x_wconf 89' lang='lat' dir='ltr'>cecus</span> <span class='ocrx_word' id='word_1_202' title='bbox 1170 3831 1394 3894; x_wconf 92' lang='lat' dir='ltr'>lumen</span> <span class='ocrx_word' id='word_1_203' title='bbox 1442 3830 1671 3912; x_wconf 89' lang='lat' dir='ltr'>recipit</span> <span class='ocrx_word' id='word_1_204' title='bbox 1702 3840 1774 3892; x_wconf 90' lang='lat' dir='ltr'>vt</span> <span class='ocrx_word' id='word_1_205' title='bbox 1814 3831 1927 3910; x_wconf 94' lang='lat' dir='ltr'>qui</span> <span class='ocrx_word' id='word_1_206' title='bbox 1957 3829 2220 3894; x_wconf 89' lang='lat' dir='ltr'>celestis</span> <span class='ocrx_word' id='word_1_207' title='bbox 2252 3834 2546 3917; x_wconf 89' lang='lat' dir='ltr'>mysterij</span> <span class='ocrx_word' id='word_1_208' title='bbox 2579 3838 2782 3903; x_wconf 90' lang='lat' dir='ltr'>verba</span> 
     </span>
     <span class='ocr_line' id='line_1_32' title="bbox 370 3916 2778 4004; baseline 0.002 -21"><span class='ocrx_word' id='word_1_209' title='bbox 370 3941 503 3983; x_wconf 93' lang='lat' dir='ltr'>non</span> <span class='ocrx_word' id='word_1_210' title='bbox 582 3929 914 4004; x_wconf 88' lang='lat' dir='ltr'>caperent,</span> <span class='ocrx_word' id='word_1_211' title='bbox 988 3940 1103 3984; x_wconf 92' lang='lat' dir='ltr'>eos</span> <span class='ocrx_word' id='word_1_212' title='bbox 1170 3921 1255 3982; x_wconf 94' lang='lat' dir='ltr'>ad</span> <span class='ocrx_word' id='word_1_213' title='bbox 1319 3916 1519 3982; x_wconf 89' lang='lat' dir='ltr'>fidem</span> <span class='ocrx_word' id='word_1_214' title='bbox 1580 3916 1850 3980; x_wconf 90' lang='lat' dir='ltr'>celestia</span> <span class='ocrx_word' id='word_1_215' title='bbox 1895 3916 2071 3980; x_wconf 90' lang='lat' dir='ltr'>facta</span> <span class='ocrx_word' id='word_1_216' title='bbox 2115 3918 2550 3985; x_wconf 82' lang='lat' dir='ltr'>solidarent.¹¹</span> <span class='ocrx_word' id='word_1_217' title='bbox 2642 3924 2778 3989; x_wconf 88' lang='lat' dir='ltr'>Sed</span> 
     </span>
     <span class='ocr_line' id='line_1_33' title="bbox 370 4004 2781 4086; baseline 0.002 -16"><span class='ocrx_word' id='word_1_218' title='bbox 370 4008 686 4072; x_wconf 90' lang='lat' dir='ltr'>miracula</span> <span class='ocrx_word' id='word_1_219' title='bbox 733 4008 988 4073; x_wconf 91' lang='lat' dir='ltr'>domini</span> <span class='ocrx_word' id='word_1_220' title='bbox 1043 4015 1111 4070; x_wconf 92' lang='lat' dir='ltr'>et</span> <span class='ocrx_word' id='word_1_221' title='bbox 1156 4005 1505 4068; x_wconf 88' lang='lat' dir='ltr'>saluatoris</span> <span class='ocrx_word' id='word_1_222' title='bbox 1554 4004 1762 4066; x_wconf 89' lang='lat' dir='ltr'>nostri</span> <span class='ocrx_word' id='word_1_223' title='bbox 1807 4004 1901 4065; x_wconf 93' lang='lat' dir='ltr'>sic</span> <span class='ocrx_word' id='word_1_224' title='bbox 1942 4005 2330 4086; x_wconf 90' lang='lat' dir='ltr'>accipienda</span> <span class='ocrx_word' id='word_1_225' title='bbox 2360 4018 2514 4072; x_wconf 91' lang='lat' dir='ltr'>sunt</span> <span class='ocrx_word' id='word_1_226' title='bbox 2546 4009 2781 4076; x_wconf 88' lang='lat' dir='ltr'>fratres</span> 
     </span>
     <span class='ocr_line' id='line_1_34' title="bbox 370 4090 2783 4182; baseline 0.002 -24"><span class='ocrx_word' id='word_1_227' title='bbox 370 4096 498 4158; x_wconf 91' lang='lat' dir='ltr'>mei</span> <span class='ocrx_word' id='word_1_228' title='bbox 524 4092 589 4157; x_wconf 70' lang='lat'>:¹2</span> <span class='ocrx_word' id='word_1_229' title='bbox 676 4105 749 4158; x_wconf 93' lang='lat' dir='ltr'>vt</span> <span class='ocrx_word' id='word_1_230' title='bbox 840 4106 909 4158; x_wconf 89' lang='lat' dir='ltr'>et</span> <span class='ocrx_word' id='word_1_231' title='bbox 998 4094 1063 4156; x_wconf 93' lang='lat' dir='ltr'>in</span> <span class='ocrx_word' id='word_1_232' title='bbox 1162 4093 1438 4155; x_wconf 87' lang='lat' dir='ltr'>veritate</span> <span class='ocrx_word' id='word_1_233' title='bbox 1513 4090 1866 4153; x_wconf 88' lang='lat' dir='ltr'>credantur</span> <span class='ocrx_word' id='word_1_234' title='bbox 1940 4090 2154 4155; x_wconf 87' lang='lat' dir='ltr'>sacta:</span> <span class='ocrx_word' id='word_1_235' title='bbox 2239 4104 2308 4157; x_wconf 89' lang='lat' dir='ltr'>et</span> <span class='ocrx_word' id='word_1_236' title='bbox 2375 4105 2600 4161; x_wconf 89' lang='lat' dir='ltr'>tamen</span> <span class='ocrx_word' id='word_1_237' title='bbox 2661 4119 2783 4182; x_wconf 88' lang='lat' dir='ltr'>per</span> 
     </span>
    </p>
   </div>
   <div class='ocr_carea' id='block_1_17' title="bbox 447 4222 2527 4691">
    <p class='ocr_par' dir='ltr' id='par_1_18' title="bbox 462 4222 2183 4310">
     <span class='ocr_line' id='line_1_35' title="bbox 462 4222 2183 4310; baseline -0.007 -26"><span class='ocrx_word' id='word_1_238' title='bbox 462 4230 479 4263; x_wconf 92' lang='lat'>¹</span> <span class='ocrx_word' id='word_1_239' title='bbox 515 4234 639 4310; x_wconf 65' lang='lat' dir='ltr'>Cap.</span> <span class='ocrx_word' id='word_1_240' title='bbox 671 4242 716 4294; x_wconf 86' lang='lat'>7.</span> <span class='ocrx_word' id='word_1_241' title='bbox 746 4234 806 4281; x_wconf 82' lang='lat' dir='ltr'>in</span> <span class='ocrx_word' id='word_1_242' title='bbox 828 4249 894 4281; x_wconf 87' lang='lat' dir='ltr'>m.</span> <span class='ocrx_word' id='word_1_243' title='bbox 923 4230 1028 4293; x_wconf 85' lang='lat' dir='ltr'>[vii.</span> <span class='ocrx_word' id='word_1_244' title='bbox 1062 4230 1228 4290; x_wconf 52' lang='grc' dir='ltr'>μία]</span> <span class='ocrx_word' id='word_1_245' title='bbox 1665 4222 1690 4256; x_wconf 77' lang='lat'>²</span> <span class='ocrx_word' id='word_1_246' title='bbox 1720 4226 1806 4287; x_wconf 82' lang='lat' dir='ltr'>[vi.</span> <span class='ocrx_word' id='word_1_247' title='bbox 1834 4227 2041 4302; x_wconf 69' lang='lat' dir='ltr'>47-J2.]</span> <span class='ocrx_word' id='word_1_248' title='bbox 2154 4292 2183 4304; x_wconf 93' lang='lat'>..</span> 
     </span>
    </p>

    <p class='ocr_par' dir='ltr' id='par_1_19' title="bbox 462 4289 2404 4368">
     <span class='ocr_line' id='line_1_36' title="bbox 462 4289 2404 4368; baseline -0.004 -20"><span class='ocrx_word' id='word_1_249' title='bbox 462 4296 484 4329; x_wconf 82' lang='lat'><strong>³</strong></span> <span class='ocrx_word' id='word_1_250' title='bbox 516 4299 622 4360; x_wconf 82' lang='lat' dir='ltr'>[vu.</span> <span class='ocrx_word' id='word_1_251' title='bbox 656 4298 857 4361; x_wconf 77' lang='lat'><em>13-24]</em></span> <span class='ocrx_word' id='word_1_252' title='bbox 1667 4289 1689 4321; x_wconf 85' lang='lat'><strong>⁴</strong></span> <span class='ocrx_word' id='word_1_253' title='bbox 1723 4292 1814 4341; x_wconf 86' lang='lat' dir='ltr'>Ca.</span> <span class='ocrx_word' id='word_1_254' title='bbox 1845 4302 1889 4352; x_wconf 88' lang='lat'>7.</span> <span class='ocrx_word' id='word_1_255' title='bbox 1919 4307 1977 4368; x_wconf 47' lang='grc' dir='ltr'>ιη.</span> <span class='ocrx_word' id='word_1_256' title='bbox 2001 4308 2067 4340; x_wconf 86' lang='lat' dir='ltr'>m.</span> <span class='ocrx_word' id='word_1_257' title='bbox 2096 4293 2200 4354; x_wconf 86' lang='lat' dir='ltr'>[vu.</span> <span class='ocrx_word' id='word_1_258' title='bbox 2236 4296 2404 4356; x_wconf 83' lang='lat'>1—24.]</span> 
     </span>
    </p>

    <p class='ocr_par' dir='ltr' id='par_1_20' title="bbox 460 4353 2453 4436">
     <span class='ocr_line' id='line_1_37' title="bbox 460 4353 2453 4436; baseline -0.001 -23"><span class='ocrx_word' id='word_1_259' title='bbox 460 4361 483 4394; x_wconf 78' lang='lat'>⁸</span> <span class='ocrx_word' id='word_1_260' title='bbox 512 4379 608 4413; x_wconf 74' lang='lat' dir='ltr'>ex:</span> <span class='ocrx_word' id='word_1_261' title='bbox 641 4365 753 4413; x_wconf 80' lang='lat' dir='ltr'>add.</span> <span class='ocrx_word' id='word_1_262' title='bbox 782 4362 861 4426; x_wconf 89' lang='lat'>38.</span> <span class='ocrx_word' id='word_1_263' title='bbox 887 4362 1044 4411; x_wconf 74' lang='lat' dir='ltr'>twice.</span> <span class='ocrx_word' id='word_1_264' title='bbox 1410 4423 1420 4434; x_wconf 44' lang='grc'><strong>.</strong></span> <span class='ocrx_word' id='word_1_265' title='bbox 1666 4353 1689 4386; x_wconf 83' lang='lat'>⁸</span> <span class='ocrx_word' id='word_1_266' title='bbox 1720 4356 1845 4422; x_wconf 83' lang='lat' dir='ltr'>Cap.</span> <span class='ocrx_word' id='word_1_267' title='bbox 1874 4354 1921 4407; x_wconf 88' lang='grc'>8.</span> <span class='ocrx_word' id='word_1_268' title='bbox 1950 4373 2008 4406; x_wconf 80' lang='lat' dir='ltr'>m</span> <span class='ocrx_word' id='word_1_269' title='bbox 2032 4374 2099 4406; x_wconf 82' lang='lat' dir='ltr'>m.</span> <span class='ocrx_word' id='word_1_270' title='bbox 2150 4359 2453 4436; x_wconf 34' lang='lat' dir='ltr'>viia-142]</span> 
     </span>
    </p>

    <p class='ocr_par' dir='ltr' id='par_1_21' title="bbox 460 4421 2527 4615">
     <span class='ocr_line' id='line_1_38' title="bbox 460 4421 2527 4552; baseline -0.004 -7"><span class='ocrx_word' id='word_1_271' title='bbox 460 4426 483 4526; x_wconf 77' lang='grc' dir='ltr'>ἰ</span> <span class='ocrx_word' id='word_1_272' title='bbox 514 4431 757 4544; x_wconf 56' lang='lat' dir='ltr'>W*</span> <span class='ocrx_word' id='word_1_273' title='bbox 779 4425 1133 4542; x_wconf 63' lang='lat' dir='ltr'>azW</span> <span class='ocrx_word' id='word_1_274' title='bbox 1158 4425 1537 4539; x_wconf 48' lang='lat' dir='ltr'>Emtae</span> <span class='ocrx_word' id='word_1_275' title='bbox 1561 4430 1649 4487; x_wconf 52' lang='lat' dir='ltr'>ff·</span> <span class='ocrx_word' id='word_1_276' title='bbox 1671 4421 1781 4535; x_wconf 53' lang='grc' dir='ltr'>εὴ.</span> <span class='ocrx_word' id='word_1_277' title='bbox 1808 4486 1977 4536; x_wconf 57' lang='lat' dir='ltr'>..m-...-</span> <span class='ocrx_word' id='word_1_278' title='bbox 2007 4488 2119 4539; x_wconf 47' lang='lat' dir='ltr'>...L</span> <span class='ocrx_word' id='word_1_279' title='bbox 2149 4424 2287 4552; x_wconf 37' lang='lat'>³2&amp;-</span> <span class='ocrx_word' id='word_1_280' title='bbox 2325 4428 2527 4491; x_wconf 54' lang='grc' dir='ltr'>’Μ</span> 
     </span>
     <span class='ocr_line' id='line_1_39' title="bbox 461 4501 1944 4615; baseline -0.007 -5"><span class='ocrx_word' id='word_1_281' title='bbox 461 4558 501 4591; x_wconf 83' lang='lat'>¹¹</span> <span class='ocrx_word' id='word_1_282' title='bbox 534 4509 842 4610; x_wconf 47' lang='lat' dir='ltr'>gffissgt</span> <span class='ocrx_word' id='word_1_283' title='bbox 859 4576 875 4609; x_wconf 72' lang='grc' dir='ltr'>ι</span> <span class='ocrx_word' id='word_1_284' title='bbox 908 4557 989 4608; x_wconf 87' lang='grc'>66.</span> <span class='ocrx_word' id='word_1_285' title='bbox 1010 4504 1091 4556; x_wconf 52' lang='grc'>43.</span> <span class='ocrx_word' id='word_1_286' title='bbox 1118 4503 1198 4553; x_wconf 51' lang='grc'>49.</span> <span class='ocrx_word' id='word_1_287' title='bbox 1368 4501 1398 4553; x_wconf 75' lang='lat'>3</span> <span class='ocrx_word' id='word_1_288' title='bbox 1668 4548 1710 4582; x_wconf 75' lang='lat'>¹²</span> <span class='ocrx_word' id='word_1_289' title='bbox 1740 4568 1834 4602; x_wconf 86' lang='lat' dir='ltr'>om.</span> <span class='ocrx_word' id='word_1_290' title='bbox 1862 4563 1944 4615; x_wconf 87' lang='lat'>43.</span> 
     </span>
    </p>

    <p class='ocr_par' dir='ltr' id='par_1_22' title="bbox 447 4637 2504 4691">
     <span class='ocr_line' id='line_1_40' title="bbox 447 4637 2504 4691; baseline -0.008 0"><span class='ocrx_word' id='word_1_291' title='bbox 447 4639 509 4691; x_wconf 86' lang='lat' dir='ltr'>B.</span> <span class='ocrx_word' id='word_1_292' title='bbox 542 4639 606 4690; x_wconf 89' lang='lat' dir='ltr'>R.</span> <span class='ocrx_word' id='word_1_293' title='bbox 642 4637 714 4689; x_wconf 78' lang='lat' dir='ltr'>N.</span> <span class='ocrx_word' id='word_1_294' title='bbox 2452 4638 2504 4688; x_wconf 72' lang='lat' dir='ltr'>G</span> 
     </span>
    </p>
   </div>
  </div>
 </body>
</html>
