3293 5225
480 445 499 481 1
510 444 574 495 34
1124 433 1503 483 DOMINICA
1568 433 2248 486 RESURRECTIONIS.

652 1082 718 1151 (Ι
754 1076 1249 1141 DOMINICA
1302 1075 2161 1141 RESURRECTIONIS
2209 1076 2442 1157 duplex
2483 1076 2716 1138 maius.

606 1263 672 1331 (Ι
708 1257 763 1319 S
767 1256 798 1317 i
820 1256 1005 1318 hodie
1040 1255 1346 1319 inciderit
1372 1256 1554 1337 aliqu
1567 1257 1659 1319 od
1663 1258 1917 1335 J‘estum
1949 1255 2222 1336 simplex
2246 1255 2578 1317 omittitur
2616 1255 2890 1330 omnino,

473 1344 539 1406 si
577 1353 793 1406 autem
847 1343 1094 1405 venem't
1140 1342 1349 1421 infral
1396 1353 1532 1405 octa
1541 1365 1696 1404 uam
1733 1342 1862 1424 fiet
1911 1342 2419 1404 commemoratio
2463 1343 2539 1405 de
2590 1363 2656 1405 eo
2683 1342 2893 1425 finita

459 1431 687 1511 prima
716 1429 1113 1510 antzplzonafl
1162 1430 1483 1492 Preciosa.
1518 1439 1590 1493 vt
1616 1441 1817 1510 supra
1848 1430 2088 1492 dt'ctum
2104 1429 2270 1508 suit.
2368 1428 2424 1492 S
2427 1429 2457 1490 i
2497 1450 2642 1492 vero
2671 1430 2895 1509 fuerit

456 1519 713 1597 festum
746 1517 992 1598 duplex,
1024 1518 1551 1597 transferendum
1584 1528 1681 1579 est
1692 1526 1845 1597 post
1870 1515 2210 1578 octauam.⁸

601 1606 662 1667 A
674 1606 726 1667 d
798 1603 1209 1666 matutinum.
1301 1603 1790 1666 Inuitatorizmt.
1917 1603 2222 1667 Surrexit
2316 1604 2648 1666 Dominus
2739 1623 2891 1665 vere

479 1691 854 1772 Halleluya.

1510 1831 1837 1913 Hymnus.

478 1944 834 2071 AVrora
859 1941 1021 2006 lucis
1056 1943 1296 2020 rutilat,
1316 1942 1530 2006 celum
1567 1942 1875 2005 laudibus
1900 1944 2197 2005 intonat:
2249 1943 2544 2006 Mundus
2578 1942 2894 2006 exultans

647 2029 918 2093 iubilate
968 2030 1260 2094 Gemens
1294 2029 1586 2092 infernus
1617 2028 1844 2094 vlulat.

602 2116 771 2181 Cum
824 2138 942 2180 rex
993 2115 1100 2182 ille
1151 2116 1562 2181 fortissimus,
1657 2117 1894 2179 Mortis
1944 2117 2299 2180 confractis
2349 2117 2614 2180 viribus
2709 2117 2891 2180 Pede

469 2204 867 2268 conculcans
898 2214 1163 2268 tartara.
1258 2204 1476 2268 Soluit
1507 2225 1546 2266 a
1579 2224 1751 2287 pena
1787 2205 2075 2268 miseros

606 2291 726 2353 Ille
786 2293 897 2373 qui
930 2291 1191 2355 clausus
1252 2289 1475 2374 lapide
1537 2290 1931 2355 Custoditur
1962 2291 2086 2353 sub
2147 2290 2373 2367 milite,
2435 2291 2891 2373 Triumphans

473 2399 721 2462 pompa
756 2377 979 2453 nobili,
1012 2379 1249 2440 Victor
1279 2380 1489 2459 surgit
1521 2378 1604 2441 de
1638 2378 1882 2441 sunere.
2895 2387 2901 2393 “

604 2465 855 2529 Solutis
903 2467 1033 2527 iam
1088 2465 1446 2546 gemitibus
1495 2466 1586 2528 Et
1635 2466 1870 2527 inferni
1924 2464 2280 2529 doloribus,
2374 2463 2552 2546 Quia
2600 2466 2893 2529 surrexit

473 2553 823 2617 Dominus,
917 2553 1379 2636 Resplendens
1410 2552 1658 2617 clamat
1688 2551 1982 2635 angeluS.

602 2640 824 2704 Gloria
889 2641 1007 2703 tibi
1041 2641 1329 2716 domine,
1363 2639 1495 2722 Qui
1558 2641 1902 2703 surrexisti
1965 2660 2005 2702 a
2039 2641 2334 2716 mortuiS,
2366 2640 2537 2704 Cum
2586 2650 2772 2723 patre
2818 2649 2887 2703 et

470 2737 704 2791 sancto
735 2728 986 2810 spiritu.
1083 2728 1158 2790 In
1195 2728 1597 2810 sempiterna
1630 2727 1868 2790 secula.
1963 2727 2206 2789 Amen.

598 2821 664 2889 (Ι
696 2815 1080 2877 Notandum
1110 2815 1287 2897 quod
1309 2815 1378 2876 in
1393 2814 1538 2896 fine
1590 2815 1880 2876 omnium
1911 2812 2296 2894 hymnorum
2331 2824 2465 2876 tam
2477 2814 2886 2894 festiuorum

468 2922 663 2983 quam
706 2902 1089 2981 ferialium⁴
1147 2902 1443 2964 omnibus
1500 2902 1680 2964 horis
1739 2922 1932 2984 ‘osque
1991 2902 2087 2963 ad
2144 2901 2566 2963 ascensionem
2628 2901 2885 2963 decitur.

471 2988 700 3053 Gloria
732 2988 848 3051 tibi
882 2988 1170 3063 domine,
1203 2990 1313 3071 qui
1347 2989 1689 3051 surrexisti
1723 3000 1845 3051 ete.

600 3076 993 3156 Antiphonti.
1117 3077 1268 3159 Ego
1330 3076 1632 3151 dormiui,
1693 3085 1761 3138 et
1821 3096 2131 3138 somnum
2207 3076 2349 3158 cepi
2408 3084 2475 3138 et
2546 3076 2881 3150 exurrexi,

469 3164 785 3245 quoniam
821 3163 1131 3225 dominus
1163 3164 1457 3245 suscepit
1495 3183 1621 3239 me,
1653 3161 1980 3241 halleluia,
2011 3162 2335 3225 halleluia.

1092 3306 1158 3375 (Ι
1189 3300 1302 3362 Ex
1329 3300 1493 3362 Iona
1508 3300 1863 3382 proplieta.⁵
1952 3300 2170 3363 Lectio
2200 3299 2258 3364 .i.

483 3413 669 3542 ET
703 3412 1078 3495 preparauit
1108 3412 1421 3475 dominus
1452 3413 1701 3493 piscem
1733 3412 2056 3495 grandem
2206 3421 2272 3474 et
2305 3412 2616 3475 euomuit
2653 3412 2886 3474 Ionam

642 3501 704 3562 in
739 3501 1011 3563 aridam.

1007 3641 1073 3710 (Ι
1109 3634 1475 3699 Secundum
1514 3635 1597 3697 M
1596 3634 1930 3701 αι’ίΙιειιηεέΞ
2017 3634 2233 3697 Lectio
2260 3636 2348 3715 ,isi

467 3748 854 3877 VEspere
885 3758 1108 3811 autem
1143 3747 1401 3811 sabbati
1449 3768 1578 3829 que
1609 3748 1878 3810 lucescit
1912 3749 1976 3810 in
2012 3748 2222 3829 prima
2268 3747 2532 3811 sabbati
2678 3767 2888 3829 vsque

632 3837 717 3898 ad
752 3835 1393 3899 consummationem
1426 3835 1648 3898 seculi.

1012 3977 1078 4046 (Ι
1121 3972 1344 4034 Tertia
1373 3972 1553 4035 lectio
1587 3973 1937 4035 secundum
1970 3972 2063 4033 M
2056 3970 2327 4035 arcum.⁷

603 4086 627 4147 1
638 4104 679 4146 n
707 4084 820 4147 illo
852 4094 1168 4168 tempore.
1261 4085 1475 4147 Maria
1499 4084 1904 4166 Magdalene
1929 4094 1996 4147 et
2024 4085 2238 4147 Maria
2267 4084 2491 4148 Iacobi
2513 4095 2580 4149 et
2608 4084 2879 4149 Salome

464 4173 786 4323 able-untes
846 4181 1152 4235 emerunt
1212 4181 1513 4235 aromata
1546 4182 1616 4234 vt
1678 4173 2019 4234 venientes
2080 4183 2401 4254 vngerent
2455 4174 2692 4235 Iesum.
2786 4172 2876 4234 Et

462 4280 730 4342 re1qua.

557 4395 574 4427 ¹
611 4397 787 4444 intra:
825 4394 903 4443 61.
934 4394 1013 4454 64.
1390 4392 1432 4461 ⁸²
1465 4402 1614 4443 ante:
1656 4406 1733 4457 39.
1762 4407 1843 4454 41.
1872 4407 1951 4457 43.
1982 4409 2061 4455 44.
2090 4407 2169 4455 49.
2200 4394 2280 4444 60.
2312 4394 2390 4445 61.
2421 4394 2499 4445 66.
2529 4403 2645 4444 ante
2669 4383 2731 4459 Ῠ.
2762 4396 2840 4457 63.

555 4460 577 4492 ³
610 4460 857 4509 Paschae:
890 4460 1000 4508 add.
1031 4459 1108 4521 63.
1409 4459 1428 4488 ⁴
1463 4462 1519 4507 in
1540 4475 1557 4507 .·
1591 4461 1702 4508 add.
1734 4472 1811 4522 39.
1841 4470 1936 4509 etc.

554 4525 575 4556 ⁵
609 4526 681 4587 [ii.
715 4525 882 4585 1-11.]
1404 4522 1425 4554 ⁶
1459 4526 1546 4574 Ca.
1578 4525 1640 4574 28
1665 4527 1722 4573 in
1747 4541 1812 4574 m.
1842 4524 2030 4585 [xxviii.
2062 4527 2226 4586 1-20.]
2447 4525 2466 4557 ⁷
2500 4525 2589 4577 Ca.
2627 4526 2697 4575 16.
2728 4527 2786 4574 in
2811 4543 2877 4573 m.
