3293 5225
539 354 569 408 3
578 354 597 391 1
606 355 636 392 2
1244 343 1294 391 T
1286 342 1570 393 RANSFI
1569 343 1614 391 G
1622 342 1771 393 URA
1784 343 1863 392 TI
1863 343 1906 392 0
1972 342 2276 392 DOMINI.
2703 339 2881 401 [AUG.
2910 337 2962 389 6.

1491 562 1561 632 {1
1604 555 1730 618 Ad
1750 556 1990 619 laudes,

667 668 1062 749 Antiphona.
1157 668 1434 731 Beatam
1513 687 1621 731 me
1683 669 1907 732 dicent
1967 688 2201 731 omnes
2262 666 2747 751 generationeS,
2796 664 2963 747 quia

540 754 848 817 ancillam
885 755 1203 818 humilem
1236 756 1530 837 respexit
1562 755 1743 818 deus,

691 841 952 923 Vespere
1018 843 1326 905 dicuntur
1383 842 1462 903 de
1529 841 2122 925 transfiguratwne,
2182 851 2248 905 et
2286 841 2384 925 fit
2442 839 2964 904 commemoratio

539 928 617 991 de
662 929 920 1011 vi'rgyne
949 940 1076 1011 per
1117 930 1468 991 orationem
1516 939 1791 993 tantum,

973 1097 1040 1166 (I
1095 1089 1623 1173 Tranffiguratto
1676 1090 1933 1154 domini
1979 1090 2215 1171 duplex
2264 1091 2495 1154 maius.

1281 1191 1408 1253 Ad
1459 1202 1770 1273 vesperas.
1861 1189 2186 1271 Hymnus.

545 1299 879 1433 GAude
910 1311 1124 1364 mater
1153 1303 1420 1383 pietatis
1441 1303 1504 1365 in
1538 1302 1711 1365 valle
1735 1301 2147 1384 gementium
2179 1303 2304 1365 Pro
2324 1302 2569 1364 ducatu
2591 1300 2961 1383 dignitate¹

721 1387 966 1489 (Jhristi
1012 1390 1186 1473 regis
1234 1391 1554 1466 omnium,
1603 1389 1762 1472 Quo
1809 1388 2054 1452 dilecta
2116 1389 2488 1469 predotaris
2542 1389 2607 1451 in
2661 1388 2962 1451 culmine

543 1486 1055 1643 movbuilgatres
1081 1563 1514 1643 precellentes
1547 1563 1612 1625 in
1649 1563 1914 1627 mortali
1946 1583 2220 1645 corpore
2266 1561 2708 1625 Admirantur
2753 1563 2956 1624 assis·

540 1657 760 1798 ltentes
791 1651 875 1712 de
901 1662 1038 1712 tam
1066 1651 1301 1731 grandi
1329 1670 1637 1713 munere:
1672 1650 1997 1714 Diuinum
2021 1670 2267 1713 numen
2289 1660 2633 1712 cernentes
2654 1649 2960 1713 increato

566 1755 807 1799 umine,

675 1822 973 1887 Genitori
1000 1823 1360 1904 genitoque
1381 1824 1525 1887 laus
1543 1834 1609 1887 et
1633 1824 1936 1888 iubilatio
1959 1823 2188 1899 :salu3,
2208 1824 2437 1900 honor,
2455 1825 2662 1887 virtus
2681 1844 2961 1906 quoque

540 1909 627 2059 {t
658 1918 726 1972 et
780 1910 1193 1973 benedictio:
1245 1910 1642 1975 Procedenti
1697 1912 1784 1974 ab
1837 1923 2119 1993 vtroque
2167 1931 2446 1993 compar
2498 1912 2583 1975 sit
2633 1910 2957 1976 laudatio,

616 2016 787 2061 men.

669 2083 1069 2165 Anttphona.
1149 2084 1536 2167 Assumpsit
1562 2085 1747 2149 lesus
1771 2086 2058 2161 Petrum,
2081 2095 2150 2149 et
2174 2086 2512 2163 Iacobum,
2535 2094 2603 2148 et
2627 2085 2955 2149 Ioannem

541 2170 809 2233 fratrem
842 2172 984 2234 eius
1013 2182 1080 2234 et
1113 2173 1311 2235 duxit
1343 2193 1458 2235 eos
1491 2173 1555 2235 in
1591 2182 1891 2236 montem
1926 2173 2269 2235 excelsum
2304 2193 2624 2249 seorsum,
2648 2183 2715 2235 et
2734 2182 2955 2236 trans-

542 2255 863 2341 figuratus
894 2268 996 2321 est
1027 2270 1182 2321 ante
1214 2280 1346 2323 eos,

1617 2386 1864 2451 Oratio.

557 2496 835 2628 DEus
866 2497 979 2579 qui
1013 2497 1166 2561 fidei
1199 2509 1617 2562 sacramenta
1651 2499 1714 2562 in
1741 2497 2066 2580 vnigeniti
2086 2499 2182 2561 tui
2204 2498 2494 2580 gloriosa
2519 2495 2953 2576 transfigura-

736 2586 1214 2668 tione.patrum
1249 2587 1636 2650 testimonio
1671 2586 2016 2664 roborasti,
2063 2600 2130 2650 et
2180 2586 2614 2666 adoptionem
2659 2583 2950 2648 filiorum

543 2672 907 2755 perfectam
941 2694 1104 2736 voce
1136 2673 1412 2756 delapsa
1464 2676 1529 2736 in
1586 2674 1765 2737 nube
1821 2673 2039 2737 lucida
2091 2673 2478 2736 mirabiliter
2532 2672 2957 2754 presignasti,

543 2759 834 2823 concede
866 2762 1208 2843 propitiuS,
1237 2772 1310 2824 vt
1361 2762 1567 2843 ipsius
1617 2762 1788 2842 regis
1836 2761 2045 2844 glorie
2095 2781 2219 2823 nos
2271 2760 2629 2823 coheredes
2683 2758 2957 2835 efficiaS,

541 2857 610 2909 et
641 2848 937 2910 eiusdem
964 2850 1174 2930 glorie
1205 2848 1458 2911 tribuas
1490 2869 1634 2912 esse
1668 2860 2027 2911 consortes,
2105 2868 2220 2930 per
2245 2847 2553 2911 eundem,

1147 2966 1214 3035 (I
1243 2961 1369 3024 Ad
1399 2962 1799 3024 matutinum
1831 2958 2335 3022 z'nut'tatorz'urn.²

673 3070 1029 3135 Summum
1064 3092 1286 3154 regem
1320 3072 1526 3153 glorie
1561 3070 1927 3137 Christum³
1960 3069 2331 3135 adoremus,

1584 3201 1917 3283 Hymnus,

687 3311 927 3375 Xultet
1005 3313 1312 3376 laudibus
1385 3325 1643 3376 sacrata
1706 3314 1955 3376 conci0.
2091 3311 2230 3376 Celi
2286 3311 2666 3394 agminibus
2721 3311 2957 3375 iuncta

716 3399 1006 3481 tripudio
1030 3421 1149 3483 pro
1169 3401 1351 3463 verbi
1373 3401 1600 3483 gloria,
1624 3421 1754 3483 qua
1781 3399 2137 3483 splendent
2157 3400 2385 3462 omnia
2414 3400 2657 3462 :Terra
2681 3410 2953 3480 pontuS,

546 3496 613 3548 et
646 3486 889 3549 ethera.

676 3573 1080 3636 Promissum
1117 3577 1433 3656 panditur
1464 3575 1734 3638 fratrem
1786 3575 1869 3637 de
1924 3573 2182 3637 medio:
2234 3572 2450 3636 Patris
2500 3592 2651 3635 cum
2704 3572 2954 3636 labitur

542 3680 678 3722 vox
712 3661 797 3723 de
829 3659 1129 3741 fastigio:
1164 3663 1415 3725 Dicens
1434 3664 1608 3726 hunc
1642 3662 1849 3725 filium
1874 3662 2214 3723 doctorem
2242 3659 2521 3723 celicum
2548 3660 2956 3742 Audituque

541 3747 1023 3846 dignissimum.

673 3833 773 3896 Te
805 3835 978 3896 trina
1010 3834 1243 3912 deita5‚
1275 3856 1536 3917 vnaque
1570 3837 1925 3918 poscimus,
2020 3834 2131 3898 Sic
2165 3854 2287 3896 nos
2321 3845 2390 3896 tu
2423 3833 2650 3897 visita*
2679 3833 2850 3897 sicut
2885 3845 2957 3898 te

542 3920 854 3983 colimus:
907 3921 1031 3983 Per
1062 3933 1209 3984 tuas
1243 3923 1514 3985 semitas
1546 3925 1676 3985 duc
1709 3943 1831 3984 nos
1886 3921 2044 4004 quo⁵
2099 3923 2453 3985 tendimus,
2545 3921 2659 3984 Ad
2716 3920 2959 4000 lucem,

542 4026 742 4088 quam
777 4008 1123 4071 inhabitas,
1209 4010 1454 4073 Amen.

668 4095 729 4157 A
741 4094 1066 4175 ntzjohona,
1159 4095 1250 4159 Et
1281 4116 1434 4161 ecce
1465 4105 1922 4179 apparuerunt
1946 4096 2040 4158 eis
2063 4096 2311 4158 moises
2330 4106 2398 4158 et
2416 4094 2578 4157 elias
2598 4093 2962 4176 loquentes

538 4200 689 4244 cum
726 4202 881 4245 iesu.

631 4367 648 4398 ¹
682 4368 972 4432 dignitatis:
1011 4383 1088 4434 39.
1119 4380 1211 4420 etc.
1744 4370 1767 4402 2
1798 4372 1881 4422 die
1904 4371 1949 4420 6.
1981 4373 2039 4420 in
2063 4388 2128 4420 m.

623 4433 645 4464 ⁸
677 4435 877 4484 venite:
913 4438 1023 4485 add.
1055 4435 1132 4499 38.
1164 4449 1242 4500 39.
1272 4450 1351 4498 41.
1742 4436 1763 4467 ⁴
1794 4436 2002 4488 visitas:
2040 4449 2117 4500 39,
2147 4448 2226 4497 41,
2591 4433 2612 4465 ⁵
2645 4436 2769 4500 qui:
2809 4436 2893 4501 38,
