3293 5225
878 521 1404 572 PSALTERIVM:
1459 519 1556 569 IN
1602 519 1835 568 FERIA
1901 518 2226 580 QUARTA.
2718 526 2778 574 19

1309 723 1648 786 ¹Psalmus
1674 723 1793 802 .64.

357 840 778 991 TEddecet
810 839 1101 921 hymnus
1132 840 1299 901 deus
1330 839 1396 900 in
1432 836 1593 901 Sion
1743 835 2130 898 clamabunt
2159 832 2408 897 etenim
2442 831 2769 915 hymnum

582 938 771 992 icent.

1338 1061 1591 1124 'Palm-‘³
1621 1076 1784 1125 .121.

371 1177 728 1305 LEtatus
761 1196 908 1239 sum
943 1176 1008 1238 in
1042 1175 1144 1239 his
1190 1195 1319 1256 que
1365 1173 1546 1236 dicta
1593 1183 1749 1236 sunt
1782 1171 1942 1235 mihi
2105 1171 2358 1235 domini
2405 1171 2512 1235 dei
2560 1169 2766 1234 nostri

527 1264 782 1346 quesiui
814 1263 992 1326 bona
1023 1262 1182 1326 tua.⁴

486 1351 547 1413 Α
558 1350 880 1432 ntiplzona.
931 1349 1143 1432 Spera
1173 1350 1238 1412 in
1272 1348 1399 1412 deo
1430 1347 1751 1430 quoniam
1783 1346 2002 1410 adhuc
2034 1345 2400 1412 confitebor
2430 1345 2565 1408 illi.⁸

873 1510 940 1580 (Ι
972 1504 1095 1567 Ad
1117 1502 1402 1567 ποηαηι.ὃ
1453 1501 1852 1584 Antz'plzona.
1899 1500 2245 1566 Gloriosa!

1280 1622 1347 1692 (Ι
1377 1614 1695 1678 Psalmus
1723 1616 1841 1677 ‚81.

372 1729 635 1857 DEus
666 1729 851 1828 stetit
882 1729 946 1790 in
980 1748 1329 1829 synagoga
1359 1730 1635 1791 deorum
1787 1727 2106 1809 quoniam
2133 1736 2205 1789 tu
2248 1725 2647 1790 hereditabis
2702 1726 2767 1790 in

533 1814 846 1879 omnibus
878 1816 1205 1897 genubus,

1251 1974 1318 2044 (1
1348 1967 1691 2030 ‘'Psalmus
1719 1969 1865 2046 ‚84⁹

483 2081 921 2144 Vndamenta
953 2081 1093 2143 eius
1139 2081 1205 2143 in
1253 2079 1593 2143 montibus
1638 2081 1885 2142 sanctis
2063 2079 2414 2144 letantium
2473 2079 2772 2144 omnium

525 2168 854 2231 habitatio
883 2178 986 2230 est
1018 2169 1083 2230 in
1128 2176 1210 2231 te.

1282 2304 1650 2368 ¹⁰Psalmus
1694 2303 1864 2384 .91.¹l

375 2418 651 2547 DEus
684 2418 1004 2481 vltionum
1039 2417 1349 2481 dominus
1482 2419 1822 2500 disperdet
1846 2417 1991 2480 illos
2015 2416 2324 2481 dominus
2349 2417 2513 2481 deus
2539 2426 2777 2481 noster.

487 2593 548 2656 A
560 2592 889 2675 ntipltona.
936 2590 1240 2657 Gloriosa
1271 2593 1449 2656 dicta
1485 2602 1641 2656 sunt
1673 2591 1757 2655 de
1789 2600 1854 2655 te
1888 2591 2120 2655 ciuitas
2152 2589 2327 2655 ἀεὶ.12

964 2752 1031 2822 (1
1062 2746 1187 2809 Ad
1207 2757 1512 2827 vesperas.
1604 2744 1972 2808 1³Psalmus
2001 2747 2172 2809 .12.¹⁴

374 2859 780 2988 EXultate
812 2859 964 2922 iusti
994 2859 1061 2921 in
1093 2860 1370 2921 domino
1517 2857 2089 2940 quemadmodum
2121 2859 2536 2941 sperauimus
2574 2859 2641 2922 in
2696 2869 2778 2923 te.

454 3081 471 3112 ¹
508 3084 590 3132 De
633 3082 778 3131 laude
816 3081 931 3140 Dei,
970 3098 1027 3131 ac
1065 3082 1289 3147 potentia
1324 3082 1446 3140 eiu5‚
1496 3091 1547 3130 et
1592 3080 1891 3131 virtutibus:
1941 3098 2138 3131 necnon
2185 3081 2248 3131 de
2293 3083 2653 3147 multiplicibus
2696 3083 2778 3133 dei

360 3147 616 3212 beneficijs
638 3148 689 3197 in
714 3147 943 3211 praesenti
965 3147 1179 3207 collatis,
1205 3157 1254 3197 et
1278 3148 1331 3196 in
1352 3145 1517 3196 futuro
1550 3146 1894 3196 conferendis:
1921 3155 2006 3210 pr.
2036 3147 2114 3196 61.
2139 3156 2233 3197 etc.

451 3211 473 3242 ²
507 3215 588 3263 De
612 3213 814 3277 gaudio,
834 3223 882 3261 et
898 3212 1068 3261 laetitia
1089 3213 1358 3262 electorum
1383 3213 1545 3261 adhuc
1569 3211 1990 3277 peregrinantium
2014 3229 2076 3262 ex
2099 3229 2188 3278 spe
2211 3222 2262 3262 et
2283 3213 2532 3264 desiderio
2546 3214 2776 3264 veniendi

356 3279 419 3326 ad
445 3279 765 3328 Hierusalem
789 3278 1042 3327 ciuitatem
1064 3279 1311 3328 caelestem
1334 3296 1346 3326 ε
1373 3285 1460 3340 pr.
1489 3277 1568 3326 61.
1598 3286 1693 3327 etc.

451 3343 473 3373 ³
514 3342 759 3407 Thussor
780 3344 1027 3392 Psalmus.

449 3409 471 3439 ⁴
504 3409 631 3459 tibi:
670 3408 748 3471 38.
785 3419 880 3458 ete.

449 3473 471 3503 ⁸
503 3475 635 3524 tibi:
674 3486 751 3537 39.
830 3475 1036 3522 Oratio:
1068 3476 1182 3523 add.
1210 3474 1289 3536 63.

446 3537 469 3636 ζ
506 3541 657 3589 Pater
681 3548 861 3588 noster.
935 3540 1045 3588 Aue
1070 3540 1239 3588 maria.
1313 3540 1452 3589 Deus
1474 3537 1527 3587 in
1552 3538 1869 3588 adiutorium.
1945 3540 2129 3588 Rerum
2153 3539 2290 3590 deus,
2326 3553 2419 3589 10:
2456 3542 2568 3590 add.
2598 3541 2678 3605 63.

500 3623 598 3653 om.
698 3641 710 3653 .

449 3672 529 3720 De
555 3617 725 3746 pri—{30
746 3669 964 3719 aduentu
997 3669 1202 3728 Christi,
1228 3677 1277 3718 et
1315 3669 1380 3718 de
1415 3670 1765 3733 redargutione
1802 3669 1983 3719 veteris
2021 3686 2318 3735 synagogae:
2355 3687 2413 3721 ac
2449 3673 2513 3722 de
2549 3672 2771 3736 increpa-

354 3737 487 3785 tione
511 3737 802 3800 imquorum
825 3735 1079 3784 iudicum:
1115 3745 1166 3784 et
1200 3734 1524 3799 praedictione
1562 3735 1920 3794 damnationis,
1963 3744 2012 3784 et
2053 3751 2216 3800 poenae
2252 3737 2508 3801 ipsorum:
2544 3739 2657 3787 add.
2685 3738 2765 3786 61.

351 3811 443 3850 etc.

444 3864 466 3896 ⁸
501 3868 584 3915 De
632 3865 856 3915 ecclesiae
900 3865 1160 3914 militantis
1212 3865 1411 3929 fastigio
1467 3874 1514 3914 et
1569 3865 1883 3925 dilatatione,
1940 3881 1999 3914 ac
2043 3866 2108 3915 de
2152 3867 2371 3916 ecclesiae
2424 3867 2775 3933 triumphantis

355 3933 626 4046 ρτεεξοὸιέἰο,
656 3932 859 4045 egiusque
883 3930 984 3994 iugi
1008 3931 1179 3980 laetitia
1201 3939 1252 3980 et
1276 3931 1453 3980 laude:
1480 3938 1564 3993 pt.
1594 3930 1674 3980 61.
1703 3942 1796 3982 etc.

582 4015 597 4046 ε
708 4033 720 4044 .
749 4006 842 4045 etc.

446 4061 485 4092 ¹⁰
520 4064 607 4113 De
639 4009 1010 4110 3exhortatione
1064 4061 1130 4110 ad
1186 4061 1477 4126 patientiam
1535 4062 1586 4109 in
1643 4062 1896 4111 laboribus
1954 4062 2213 4122 iustorum,
2259 4073 2434 4113 contra
2478 4063 2765 4113 felicitatem

454 4144 636 4176 uorum
662 4145 676 4176 τ
712 4137 761 4175 et
784 4126 848 4176 de
871 4126 1127 4176 iudiciaria
1150 4135 1396 4190 potestate
1419 4126 1607 4176 Christi
1630 4127 1681 4175 in
1707 4139 2044 4191 persecutores
2068 4128 2321 4178 fidelium:
2347 4138 2433 4192 pr.
2461 4129 2540 4179 61.
2569 4138 2663 4178 etc.

465 4192 479 4223 ¹
527 4194 677 4242 Thus
698 4195 801 4241 also
823 4190 901 4254 38.
932 4192 1080 4255 xciij:
1116 4203 1194 4253 39.
1223 4201 1319 4241 etc.

440 4257 482 4288 ¹²
519 4259 739 4308 Oratio:
771 4258 882 4306 add.
909 4257 990 4319 63.

345 4387 377 4437 6
444 4321 486 4353 ²²
522 4325 676 4373 Pater
703 4332 882 4372 noster.
955 4324 1066 4371 Aue
1089 4323 1260 4372 maria.
1334 4323 1474 4372 Deus
1497 4322 1547 4370 in
1570 4323 1885 4372 adiutorium.
1958 4324 2216 4387 Hymnus.
2288 4324 2622 4389 Antaeplzona:
2653 4327 2765 4375 add

379 4403 422 4452 3.
442 4452 753 4504 Exhortatio
813 4462 862 4502 et
936 4453 1163 4502 inuitatio
1236 4452 1474 4501 iustorum
1543 4453 1610 4502 ad
1666 4453 1765 4502 Dei
1820 4454 2018 4503 laudem
2075 4464 2279 4519 propter
2324 4455 2478 4521 ipsius
2523 4472 2766 4505 summam

345 4518 665 4579 fidelitatem,
695 4519 986 4582 potentiam,
1008 4518 1304 4582 sapientiam
1328 4527 1378 4566 et
1401 4518 1675 4567 bonitatem
1699 4537 1711 4567 ε
1747 4520 1858 4569 add.
1887 4519 1967 4569 61.
1996 4528 2089 4569 etc.

440 4584 480 4616 ¹⁴
522 4586 672 4635 nus
691 4605 709 4632 .·
734 4597 794 4646 32
818 4602 830 4633 :
868 4583 946 4646 38.
975 4592 1069 4633 etc.

2377 4665 2505 4717 C2
