3293 5225
390 473 516 523 tun.
547 474 655 537 30.]
1094 473 1576 523 COMMEMORA
1590 473 1713 523 Tlo
1746 474 1799 523 s,
1839 474 2085 525 PAULI.
2701 482 2797 536 295

386 627 601 689 virum
624 647 897 710 magum
924 625 1180 708 pseudo
1206 626 1599 708 prophetam
1628 626 1907 690 Iudeum
1930 627 2034 689 cui
2058 647 2301 690 nomen
2335 637 2478 691 erat
2511 626 2790 702 Barieu,¹

384 733 538 776 cum
603 712 996 795 proconsule
1059 712 1295 795 Sergio
1358 712 1566 775 Paulo
1625 714 1768 776 viro
1830 717 2171 796 prudente.
2267 714 2399 777 Hic
2458 714 2792 777 accersitis

389 800 698 863 Barnaba
743 810 810 864 et
858 799 1083 875 Paulo,
1130 799 1575 881 desyderabat
1623 801 1852 863 audire
1903 801 2178 864 verbum
2233 800 2358 865 dei.
2413 801 2794 864 Resistebat

388 897 613 950 autem
646 887 773 950 illis
807 888 1089 968 Elymas
1120 907 1377 970 magus,
1407 906 1689 968 querens
1731 898 2028 950 auertere
2076 888 2539 970 proconsulem
2573 908 2612 950 a
2644 886 2792 950 fide.

389 973 632 1039 Saulus
664 985 889 1038 autem
920 975 1034 1056 qui
1081 983 1148 1036 et
1203 974 1445 1037 Paulus
1499 974 1787 1057 repletus
1834 975 2067 1057 spiritu
2121 985 2354 1038 sancto
2410 975 2672 1038 intuens
2726 975 2792 1036 in

384 1082 539 1124 eum
589 1063 783 1139 dixit,
832 1061 895 1126 O
957 1061 1152 1142 plene
1202 1062 1385 1123 omni
1446 1060 1605 1123 dolo
1665 1071 1733 1125 et
1792 1062 1974 1124 omni
2036 1061 2311 1138 fallacia,
2373 1061 2465 1125 fili
2526 1061 2794 1138 diaboli,

388 1149 652 1212 inimice
684 1150 902 1212 omnis
935 1148 1197 1223 iustitie,
1230 1168 1359 1210 non
1386 1146 1632 1210 desinis
1664 1149 2046 1211 subuertere
2070 1149 2209 1212 vias
2261 1149 2514 1212 domini
2563 1158 2791 1212 rectas

389 1235 480 1298 Et
512 1255 688 1300 nunc
718 1255 871 1298 ecce
903 1255 1140 1297 manus
1170 1234 1425 1298 domini
1457 1255 1656 1318 super
1687 1245 1772 1308 te,
1826 1245 1895 1298 et
1946 1238 2073 1298 eris
2120 1255 2331 1313 cecuS,
2379 1256 2512 1299 non
2561 1235 2794 1298 videns

384 1322 597 1385 solem
647 1343 854 1404 vsque
901 1321 988 1385 ad
1022 1332 1300 1404 tempus,
1393 1322 1484 1385 Et
1527 1321 1877 1386 confestim
1909 1324 2149 1386 cecidit
2177 1324 2243 1385 in
2286 1343 2438 1385 eum
2471 1322 2688 1404 caligo
2725 1332 2794 1385 et

387 1410 659 1474 tenebre
680 1420 747 1473 et
777 1408 1167 1484 circcuiens†
1190 1409 1526 1490 querebat,
1557 1410 1670 1491 qui
1703 1410 1828 1472 sibi
1862 1430 2134 1473 manum
2167 1412 2371 1474 daret.
2463 1409 2619 1492 Quo
2648 1410 2792 1473 viso

388 1497 741 1577 proconsul
802 1496 1082 1559 credidit
1141 1506 1209 1559 et
1268 1516 1626 1560 conuersus
1687 1507 1805 1570 est,
1863 1497 2197 1579 profectus
2245 1517 2406 1559 vero
2458 1496 2703 1560 Paulus
2751 1516 2793 1560 a

394 1583 624 1667 Papho
671 1584 895 1646 iuncto
944 1583 1066 1646 sibi
1125 1583 1431 1646 Barnaba
1486 1584 1842 1664 multisque
1890 1584 2159 1646 vrbibus
2207 1585 2590 1666 peragratiS,
2638 1604 2790 1647 cum

395 1671 874 1752 lerosolymam
921 1671 1209 1733 venisset
1259 1671 1489 1733 Petrus
1548 1671 1981 1752 Iacobusque,
2033 1681 2100 1734 et
2156 1671 2442 1734 Ioannes
2490 1673 2792 1734 videntes

384 1759 671 1840 gratiam
727 1758 852 1834 dei,
900 1777 1031 1838 que
1079 1757 1240 1820 data
1270 1768 1411 1820 erat
1442 1757 1501 1819 ei
1535 1757 1810 1820 dextras
1843 1758 2180 1821 societatis
2212 1758 2537 1822 dederunt
2568 1758 2691 1840 ipsi
2722 1767 2792 1821 et

389 1845 708 1921 Barnabe,
741 1855 810 1908 vt
842 1845 908 1907 hi
946 1844 1274 1926 gentibus,
1312 1844 1435 1926 ipsi
1490 1863 1646 1907 vero
1694 1845 2068 1907 circuncisis
2121 1844 2537 1926 predicarent
2589 1865 2793 1908 euan-

381 1933 652 2014 gelium.
742 1932 943 1994 Vnde
983 1931 1316 2012 digressus
1347 1941 1703 2012 postquam
1739 1932 2118 1995 innumeros
2151 1932 2409 1996 labores
2446 1931 2793 2010 hausisset,

387 2019 729 2100 multaque
778 2018 1068 2102 pericula
1113 2019 1449 2091 euasisset,
1508 2039 1625 2102 per
1676 2021 1893 2082 varias
1948 2020 2179 2082 mundi
2236 2019 2469 2101 plagas
2515 2018 2790 2083 Christi-

384 2126 587 2169 anum
621 2107 870 2188 dogma
902 2106 1099 2189 longe
1132 2105 1397 2187 lateque
1430 2105 1884 2188 propagandO,
1916 2126 2095 2169 anno
2125 2127 2165 2170 a
2198 2106 2440 2170 Christi
2485 2106 2794 2188 passione

379 2195 664 2257 .xxxvii.
696 2194 810 2275 qui
832 2192 953 2255 suit
978 2190 1234 2273 imperij
1263 2192 1547 2254 Neronis
1571 2192 1754 2274 .xiiij.
1773 2193 2011 2255 eodem
2033 2194 2140 2256 die
2160 2213 2294 2274 quo
2320 2194 2553 2257 Petrus
2576 2194 2793 2256 Rome

387 2282 705 2362 martyrio
758 2289 1112 2343 coronatus
1165 2290 1306 2341 est:
1339 2278 1799 2362 sepultusque2
1833 2281 1897 2341 in
1930 2281 2036 2342 via
2071 2279 2384 2355 Ostiensi,
2415 2280 2522 2342 vbi
2558 2294 2791 2362 postea

386 2368 510 2431 fuit
542 2368 635 2430 illi
668 2366 1097 2450 magnificum
1131 2365 1458 2448 templum
1493 2377 1804 2430 erectum.
1861 2367 2139 2449 Scripsit
2170 2376 2395 2429 autem
2430 2387 2673 2429 nouem
2706 2366 2791 2429 ad

382 2454 508 2523 xii.
540 2454 850 2518 ecclesias
882 2453 1215 2536 epistolas,
1311 2453 1615 2515 Preterea
1653 2454 1737 2515 ad
1774 2453 2133 2535 discipulos
2158 2474 2312 2516 suos
2339 2454 2792 2532 Timotheum,

385 2542 614 2604 Titum
636 2551 704 2604 et
728 2541 1183 2603 Philemonem
1205 2539 1330 2622 ,iiij.
1354 2540 1439 2603 ad
1471 2539 1775 2604 Hebreos
1799 2560 2019 2618 vnam,
2038 2560 2272 2603 omnes
2296 2540 2491 2603 simul
2514 2561 2792 2603 numero

382 2629 564 2711 xiiij.

1381 2747 1504 2810 Ad
1554 2748 1793 2812 laudes.

511 2860 912 2939 Antiplmna.
1004 2861 1268 2924 Bonum
1321 2871 1658 2923 certamen
1698 2862 1946 2924 certaui
1985 2881 2249 2923 cursum
2283 2863 2790 2926 consummaui:

382 2948 582 3012 fidem
616 2949 909 3012 seruauit
941 2947 1095 3010 ideo
1128 2948 1418 3029 reposita
1450 2958 1550 3010 est
1584 2947 1745 3009 mihi
1777 2968 2019 3010 corona
2056 2948 2322 3011 iustitie.

1463 3082 1712 3149 Oratio.

394 3186 709 3316 DEus:
740 3185 854 3267 qui
888 3184 1381 3249 multitudinem
1414 3183 1714 3266 gentium
1748 3183 1923 3246 beati
1961 3183 2146 3246 Pauli
2179 3183 2462 3267 apostoli
2495 3185 2791 3267 predica-

573 3275 755 3336 tione
829 3272 1111 3335 docuisti
1178 3295 1192 3334 ε
1247 3270 1337 3333 da
1398 3270 1590 3334 nobis
1652 3290 2048 3351 quesumus:
2110 3280 2182 3334 vt
2242 3271 2428 3334 cuius
2490 3272 2788 3335 natalitia

379 3359 660 3423 colimus
689 3361 831 3422 eius
861 3360 1040 3442 apud
1075 3369 1141 3421 te
1174 3359 1542 3440 patrocinia
1572 3358 1955 3421 sentiamus,
2047 3378 2179 3440 per.

1093 3502 1161 3573 (Ι
1205 3496 1329 3559 Ad
1350 3508 1662 3577 vesperas.
1752 3495 2074 3575 Hymnus.

394 3601 742 3731 DOctor
772 3601 1041 3684 egregie
1085 3599 1269 3663 Pauli
1321 3620 1537 3662 mores
1592 3600 1859 3662 instrue.
1954 3599 2044 3663 Et
2100 3610 2322 3663 mente
2378 3600 2605 3683 polum
2662 3621 2785 3665 nos

574 3688 926 3752 transferre
978 3698 1245 3771 satage:
1297 3686 1530 3749 Donec
1574 3685 1940 3769 perfectum
1970 3686 2285 3768 largiatur
2315 3687 2574 3768 plenius
2609 3687 2785 3752 Eua-

377 3786 576 3839 cuato
607 3777 789 3858 quod
823 3796 911 3839 ex
945 3784 1132 3858 parte
1169 3777 1475 3857 gerimus

511 3864 613 3928 Sit
645 3863 924 3927 trinitati
951 3863 1354 3945 sempiterna
1384 3861 1614 3944 gloria,
1644 3860 1859 3923 honor
1889 3868 2186 3942 potestas
2230 3870 2433 3942 atque
2486 3861 2786 3926 iubilatio

384 3951 462 4013 In
495 3952 748 4014 vnitate
779 3951 883 4012 cui
918 3959 1142 4013 manet
1176 3949 1546 4031 imperium,
1597 3948 1710 4010 Ex
1766 3946 1968 4010 nunc³
2019 3957 2086 4009 et
2137 3948 2340 4011 modo
2390 3968 2508 4031 per
2555 3958 2784 4013 eterna

380 4038 620 4101 secula.
712 4038 954 4101 Amen.

505 4123 901 4205 Antiphona.
993 4122 1279 4186 Gloriosi
1313 4122 1642 4205 principes
1675 4131 1846 4185 terre
1890 4141 2024 4203 quo
2071 4120 2276 4184 modo
2321 4121 2387 4185 in
2449 4122 2586 4187 vita
2664 4145 2783 4187 sua

375 4213 759 4275 dilexerunt
791 4232 880 4287 se,
911 4211 1002 4273 ita
1033 4220 1100 4273 et
1134 4209 1198 4271 in
1235 4220 1447 4271 morte
1479 4229 1612 4271 non
1648 4218 1802 4271 sunt
1833 4209 2136 4290 separati.

511 4298 755 4362 Oratio,
848 4298 1031 4361 Deus
1061 4297 1174 4378 qui
1207 4296 1597 4358 hodiernam
1624 4295 1803 4358 diem
1835 4306 1940 4359 etc.
1972 4305 2047 4358 vt
2072 4298 2313 4376 supra.⁴

469 4464 487 4495 ¹
523 4465 760 4515 Bariesu:
795 4477 874 4529 43.
948 4463 1160 4514 Barien:
1195 4462 1275 4524 64.
1668 4458 1691 4491 ²
1722 4463 1979 4527 sepultus:
2013 4474 2093 4525 43.
2122 4461 2202 4511 61.

466 4530 490 4559 ³
525 4540 676 4581 tunc:
712 4543 792 4588 41.
1678 4526 1699 4556 ⁴
1732 4528 1840 4588 [See
1863 4543 1911 4593 p.
1942 4528 2081 4590 293]
