3293 5225
1119 448 1480 522 4’EGULAE
1540 446 2004 496 GENERALEs.
2676 441 2784 493 1xiii

1328 769 1839 838 SECUNDA}

719 961 917 1024 Vnde
949 960 1399 1043 incipiendum
1432 960 1518 1023 sit
1548 958 1839 1023 officium
1874 959 2149 1041 singulis
2182 958 2433 1022 diebuS.

485 1146 553 1216 {I
599 1139 980 1202 Notandum
1023 1139 1199 1221 quod
1218 1140 1719 1220 quandocunque
1729 1136 1825 1220 fit
1874 1136 2147 1219 officium
2192 1138 2270 1200 de
2313 1138 2652 1215 dominica,
2685 1140 2793 1201 vel

366 1227 447 1290 de
468 1228 679 1307 seria,
738 1235 856 1289 aut
903 1229 1083 1307 sesto
1132 1225 1456 1306 simplici:
1531 1226 1684 1288 item
1752 1225 1831 1287 de
1872 1225 2201 1287 communi
2240 1225 2413 1288 beate
2472 1226 2779 1308 m·rgy·nz·s2

368 1315 441 1377 in
471 1314 773 1389 sabbatis,
804 1324 1050 1394 semper
1075 1313 1391 1393 incipitur
1414 1310 1687 1395 officium
1717 1333 1761 1373 a
1809 1312 2144 1375 matutino,
2241 1313 2514 1390 Quando
2558 1324 2774 1376 autem

365 1402 727 1464 celebratur
754 1402 1008 1481 festum
1053 1400 1299 1480 duplex,
1327 1411 1577 1481 semper
1614 1399 1754 1461 eius
1781 1398 2054 1482 officium
2088 1399 2400 1480 incipitur
2424 1421 2466 1462 a
2498 1402 2777 1482 vesperis

369 1489 442 1551 in
521 1489 624 1550 die
671 1487 1047 1568 precedenti,
1115 1486 1251 1549 nisi
1327 1487 1586 1549 dicende
1644 1486 1784 1549 sint
1839 1486 1917 1548 de
1981 1486 2111 1549 alio
2169 1486 2413 1567 duplici
2487 1488 2729 1550 maiore
2753 1512 2778 1551 .-

365 1575 644 1657 exempli
691 1574 939 1655 gratia.
1032 1573 1088 1636 S
1090 1574 1122 1634 i
1176 1573 1464 1636 crastina
1525 1573 1631 1636 die
1703 1573 2004 1636 inciderit
2053 1574 2310 1652 festum
2333 1597 2357 1636 .·
2430 1575 2666 1655 duplex
2723 1584 2788 1637 et

373 1663 628 1724 nullum
687 1661 888 1733 aliud,
921 1660 1158 1741 duplex
1181 1659 1368 1723 ltodie
1413 1660 1768 1736 celebretur,
1800 1671 2047 1740 vespere
2092 1659 2278 1723 ltodt'e
2325 1661 2583 1724 dicende
2624 1672 2783 1724 sunt

370 1751 452 1811 de
494 1750 670 1829 sesto
713 1747 960 1829 duplici
1012 1747 1149 1810 diei
1203 1747 1497 1823 crastine‚
1548 1757 1612 1809 et
1670 1746 1981 1809 similiter
2036 1748 2103 1809 si
2155 1747 2343 1810 ltodie
2396 1748 2705 1810 celebratu
2713 1749 2776 1810 ν’ς

353 1838 609 1916 festum
641 1835 875 1916 duplex
920 1834 1154 1910 minus,
1184 1844 1246 1896 et
1274 1834 1562 1897 crastina
1592 1834 1697 1896 die
1740 1843 2036 1896 occurrat
2063 1834 2259 1896 aliud
2294 1835 2542 1915 duplex,
2572 1837 2768 1917 quod-

370 1944 619 2003 cunque
671 1923 808 1985 sit:
852 1921 993 1985 siue
1053 1922 1272 1983 minus
1335 1921 1474 1985 siue
1526 1920 1744 1983 maius
1791 1932 2060 2020 vespere·
2090 1920 2276 1983 lzodie
2320 1922 2578 1984 dicende
2623 1933 2779 1985 sunt

373 2011 456 2073 de
497 2011 674 2090 sesto
739 2009 986 2090 duplici
1038 2008 1175 2071 diei
1256 2008 1535 2071 crastine
1605 2017 1671 2070 et
1725 2006 1936 2090 finita
1994 2029 2135 2070 etus
2192 2009 2491 2081 oratione,
2556 2011 2785 2072 statim

358 2097 681 2179 premisso
734 2094 1021 2159 Oremus
1065 2095 1333 2158 dicenda
1382 2105 1478 2157 est
1536 2096 1743 2157 oratio
1768 2095 1946 2174 sesti
1999 2094 2273 2175 duplicis
2329 2096 2629 2159 hodierni
2659 2108 2787 2178 pro

373 2205 517 2247 etus
558 2182 1188 2246 commemoratione.-
1232 2182 1461 2244 deinde
1510 2181 1993 2245 Benedicamus
2040 2192 2143 2244 etc.
2180 2182 2508 2245 Fidelium
2561 2186 2782 2246 anime

373 2281 482 2333 etc.
572 2270 667 2332 Et
693 2270 904 2333 eodem
939 2269 1120 2332 modo
1133 2269 1517 2349 faciendum
1562 2279 1673 2344 est,
1703 2270 1960 2350 quando
1990 2269 2260 2368 aliquod
2291 2271 2525 2351 duplex
2569 2272 2786 2333 maius

377 2358 673 2439 sequitur
727 2355 1101 2418 immediate
1144 2366 1296 2437 post
1351 2355 1546 2418 aliud
1599 2319 1834 2436 duplex
1875 2356 2105 2419 maius.
2199 2356 2289 2419 Si
2325 2368 2542 2419 autem
2602 2358 2788 2420 ltodie

376 2444 734 2507 celebratur
788 2444 1021 2524 duplex
1067 2443 1299 2519 maius,
1344 2452 1406 2505 et
1447 2443 1736 2506 crastina
1779 2443 1884 2505 die
1930 2444 2244 2506 occurrat4
2271 2444 2504 2524 duplex
2546 2445 2784 2521 minus,

378 2542 631 2612 vespere
678 2531 864 2593 lzodie
906 2530 1163 2594 dicende
1206 2540 1362 2592 sunt
1406 2530 1484 2592 de
1526 2529 1771 2611 duplici
1830 2531 2072 2593 maiore
2125 2529 2445 2605 hodierna
2490 2541 2553 2594 et
2578 2532 2790 2612 finita

379 2620 521 2682 eius
564 2618 849 2682 oratione
890 2619 1119 2681 statim
1148 2628 1274 2698 pro
1323 2619 1913 2681 commemoratione
1962 2618 2239 2698 duplicis
2298 2619 2593 2681 minoris3
2652 2620 2790 2682 diei

378 2707 658 2769 crastine
730 2705 1040 2768 dez-untur
1108 2705 1246 2768 eius
1310 2703 1679 2785 antiphone6
1750 2714 1814 2767 et
1885 2702 2117 2768 oratio7
2189 2706 2454 2786 proprie
2533 2706 2628 2787 (si
2679 2727 2789 2769 eas

378 2791 706 2872 habuerit)
778 2791 1067 2874 alioquin
1134 2792 1211 2853 de
1281 2792 1617 2856 communi.
1707 2789 1797 2854 8Ε
1799 2801 1827 2853 t
1896 2791 2292 2872 supradicta8
2366 2793 2786 2875 intelligenda

375 2890 535 2943 sunt
583 2879 849 2960 exceptis
890 2878 1276 2976 quibusdam
1317 2878 1540 2957 sestis,
1594 2888 1658 2941 et
1700 2878 1944 2942 octauis
2001 2879 2376 2959 duplicibus,
2422 2880 2491 2942 in
2557 2880 2789 2972 quibus

379 2967 580 3029 aliter
621 2967 984 3041 ordinatur,
1017 2975 1090 3028 vt
1131 2966 1272 3028 suis
1316 2966 1467 3029 locis
1509 2965 1849 3029 videbitur.
1940 2965 2324 3027 Notandum
2356 2977 2572 3030 autem
2617 2957 2794 3048 quod

384 3074 720 3135 nunquam
783 3053 962 3115 debet
1020 3053 1189 3133 fierz
1244 3053 1753 3115 commemoratio
1812 3053 1890 3115 de
1930 3054 2107 3133 sesto
2171 3053 2467 3133 simplice,
2531 3065 2651 3117 aut
2709 3056 2786 3117 de

382 3142 559 3203 ferta
603 3141 673 3202 in
714 3139 1019 3203 laudibus
1046 3150 1108 3202 et
1154 3140 1445 3221 vesperiS,
1463 3149 1884 3220 preterquam
1931 3140 2009 3202 de
2043 3140 2248 3221 firijs
2293 3141 2786 3222 quadragesime

382 3237 459 3290 vt
518 3228 585 3290 in
632 3227 820 3308 seria
878 3236 1118 3307 quarta
1176 3227 1463 3289 cinerum
1507 3226 1876 3307 explicatur.
1966 3226 2070 3288 De
2133 3227 2456 3290 dominica
2501 3249 2650 3290 vero
2691 3228 2787 3310 fit

380 3314 891 3377 commemoratio
906 3324 1032 3394 per
1071 3313 1422 3376 orationem
1468 3322 1724 3376 tantum
1757 3313 1826 3375 in
1855 3312 2162 3376 laudibus
2187 3323 2248 3375 et
2276 3315 2554 3395 vesperis
2586 3316 2790 3395 ipsius

382 3402 697 3463 dominice
751 3401 1007 3482 quando
1065 3400 1136 3462 in
1195 3421 1271 3462 ea
1327 3400 1680 3464 celebratur
1737 3400 2007 3481 aliquod
2034 3402 2293 3480 festum
2359 3402 2606 3482 duplex,
2672 3413 2792 3464 aut

382 3499 611 3551 octaua
668 3508 748 3549 ex
789 3487 889 3569 ils,
933 3508 1053 3568 que
1108 3487 1518 3550 continentur
1562 3488 1631 3549 in
1692 3487 2056 3550 calendario
2114 3488 2380 3569 exceptis
2431 3489 2785 3565 dominicis,

384 3575 618 3657 quibus
676 3595 800 3636 non
862 3584 955 3636 est
1025 3574 1365 3656 assignata
1434 3575 1679 3638 Oratio.
1769 3574 1864 3637 Et
1919 3574 2231 3636 sifflmzlzter
2291 3575 2548 3656 quando
2602 3576 2787 3674 infra

383 3663 677 3743 aliquam
709 3671 999 3724 octauam
1031 3661 1385 3723 celebratur
1409 3660 1603 3724 alzud
1603 3663 1863 3741 festum
1893 3660 2128 3743 duplex
2136 3659 2233 3743 fit
2280 3663 2789 3725 commemoratio

383 3750 463 3812 de
518 3759 745 3811 octaua
795 3759 925 3829 per
976 3748 1327 3811 orationem
1392 3757 1668 3824 tantum,
1731 3749 1867 3811 nisi
1923 3770 1989 3811 zn
2049 3748 2274 3830 aliqua
2316 3771 2543 3812 earum
2604 3750 2798 3812 aliud

382 3836 746 3918 specialiter
768 3835 1117 3897 ordinetur
1121 3833 1146 3872 ⁹

488 4313 503 4345 ¹
543 4316 770 4379 Regula:
807 4315 916 4363 add.
946 4326 1025 4377 43.
1054 4312 1132 4362 60.
1160 4313 1240 4362 61.
1268 4312 1348 4375 63.
1377 4311 1456 4372 64.
1485 4311 1563 4362 66.
1895 4311 1918 4342 ²
1952 4314 2145 4363 Marie:
2183 4326 2259 4377 39.
2289 4327 2367 4374 41.

486 4379 848 4430 “zeelebretur
882 4392 962 4441 49.
1381 4376 1401 4407 ⁴
1432 4387 1745 4430 occurreret:
1780 4377 1858 4442 63.
2255 4378 2276 4408 ⁵
2309 4381 2502 4430 minus:
2541 4380 2617 4441 64.

485 4443 508 4476 ⁶
544 4446 689 4495 Thus
708 4448 813 4494 also
834 4443 913 4507 38.
941 4443 1018 4494 66.
1090 4443 1399 4509 antiphona.
1437 4456 1514 4506 39.
1544 4452 1637 4494 etc.
1864 4442 1884 4474 ⁷
1916 4444 2199 4494 orationes:
2234 4444 2314 4494 61.
2342 4445 2424 4506 64.

483 4509 505 4541 ⁸
504 4508 592 4549 -⁸
625 4511 707 4561 Ex
728 4509 1057 4575 supradictis:
1094 4521 1172 4573 39.
1866 4506 2208 4560 ⁹ordinatur:
2245 4510 2323 4571 64.
