3293 5225
972 469 1355 519 DOAHNJCA
1393 471 1633 519 PRIMA
1670 471 2102 521 ADVENTUS.
2665 481 2725 532 37

313 635 374 685 et
408 627 1009 707 'quadragesi.·nam,
1056 626 1248 687 tertia
1302 625 1479 688 lectio
1530 625 1782 687 dicetur
1822 645 1895 686 ex
1940 624 2218 723 epistolis
2271 634 2346 686 vt
2388 622 2727 705 assignata

306 713 518 789 fuerit
576 713 645 774 in
714 713 1114 777 Calendario.
1210 712 1543 775 Similiter
1599 712 1669 773 in
1722 710 2024 787 sabbatis,
2077 712 2146 772 in
2210 711 2443 792 qutbus
2501 710 2731 792 agitur

314 798 585 879 officium
639 801 716 863 de
767 799 950 863 beata
999 800 1270 882 vtmrgtne,
1303 800 1495 862 tertia
1540 799 1718 861 lectio
1772 799 2142 861 inuenietur
2168 798 2238 859 in
2284 796 2480 879 officio
2523 798 2726 859 ezdem

313 887 640 968 assignato
677 898 802 968 pro
859 851 1145 950 sabbatis
1192 887 1262 948 in
1295 887 1442 967 fine
1493 885 1824 966 breuiarzj.
1921 884 2193 962 Quando
2243 895 2458 946 autem
2512 885 2732 946 debeat

297 972 476 1053 fieri
504 973 780 1055 officium
833 975 911 1036 de
968 974 1309 1049 dominica,
1360 995 1469 1035 seu
1519 974 1595 1034 de
1638 973 1844 1053 seria,
1898 983 2018 1034 aut
2064 971 2141 1034 de
2183 974 2361 1052 festo
2408 982 2608 1052 supra
2658 971 2727 1032 in

315 1061 552 1142 regulis
572 1060 984 1142 generalibus
1000 1062 1245 1142 poteris
1276 1061 1505 1124 videre.

290 1157 296 1166 ’
439 1154 505 1224 ΙΙ
537 1148 786 1210 Finitis
848 1148 1056 1210 tribus
1129 1148 1496 1210 lectionibus
1555 1148 1624 1209 in
1698 1147 1982 1210 aduentu
2044 1157 2107 1208 et
2163 1168 2205 1207 a
2272 1145 2596 1208 dominica
2657 1145 2727 1206 in

315 1235 781 1316 septuagesima
826 1256 1021 1317 vsque
1063 1236 1160 1298 ad
1181 1235 1435 1315 feriam
1481 1235 1779 1316 quintam
1843 1235 1912 1296 in
1972 1255 2125 1296 cena
2169 1232 2425 1296 domini
2474 1233 2731 1314 quando

297 1321 395 1402 fit
420 1321 694 1404 officium
726 1324 804 1384 de
832 1323 1154 1385 dominica
1177 1322 1284 1384 vel
1328 1321 1406 1384 de
1419 1322 1607 1402 feria
1637 1322 1883 1384 dicitur
1886 1321 2201 1403 psalmus.
2252 1321 2565 1383 Miserere
2599 1321 2726 1381 mei

314 1411 496 1483 deuS,
543 1410 908 1472 secundum
941 1419 1046 1472 etc.
1076 1411 1177 1490 so,
1230 1412 1326 1488 38.
1425 1409 1701 1487 Quando
1731 1420 1947 1471 autem
1977 1407 2074 1489 fit
2101 1408 2177 1469 de
2206 1407 2422 1488 aliquo
2451 1408 2626 1486 sesto
2660 1406 2729 1468 in

263 1516 266 1519 ·
300 1496 616 1576 predictis
676 1496 1075 1578 temporibus,
1115 1507 1178 1558 et
1253 1496 1323 1557 in
1381 1507 1504 1559 toto
1567 1497 1807 1578 reliquo
1873 1496 2042 1558 anni
2097 1505 2366 1575 tempore
2414 1494 2553 1556 siue
2594 1492 2734 1573 fiat

310 1582 585 1663 officium
634 1585 711 1645 de
762 1583 1086 1646 dominica
1133 1584 1272 1645 siue
1324 1586 1402 1646 de
1433 1585 1622 1665 seria
1652 1582 1812 1646 siue¹
1867 1583 2083 1663 aliquo
2116 1583 2291 1662 sesto
2341 1592 2462 1642 aut
2506 1590 2731 1643 octaua

311 1680 558 1750 semper
584 1671 839 1734 decitur.
916 1671 1015 1733 Te
1062 1672 1259 1733 deum
1311 1672 1662 1734 laudamus
1721 1680 1828 1734 etc.
1875 1671 2056 1733 Folio
2104 1686 2159 1732 2.
2194 1679 2604 1750 preterquam
2660 1667 2728 1728 in

312 1758 532 1818 triduo
561 1768 712 1818 ante
728 1758 988 1838 pasclta.

1095 1903 1161 1973 ΙΙ
1197 1898 1317 1958 Ad
1349 1898 1587 1960 laudes.
1699 1895 1948 1959 Versus.

327 2007 603 2136 DEus
639 2010 702 2070 in
738 2011 1140 2072 adiutorium
1178 2031 1397 2072 meum
1432 2011 1722 2073 intende.
1797 2006 2337 2090 Responsorz·mn.2
2438 2007 2729 2069 Domine

491 2096 576 2157 ad
611 2096 1066 2160 adiuuandum
1106 2118 1210 2159 me
1242 2097 1495 2159 festina.
1590 2096 1818 2161 Gloria
1851 2097 2039 2178 patri,
2070 2105 2138 2157 et
2186 2094 2338 2170 filio,
2370 2105 2434 2157 et
2468 2094 2726 2176 spiritui

310 2194 559 2246 sancto,
654 2183 842 2247 Sicut
887 2194 1029 2247 erat
1076 2185 1139 2246 in
1177 2185 1516 2267 principiO,
1547 2194 1614 2247 et
1663 2204 1856 2257 nune,
1888 2195 1954 2245 et
1987 2203 2264 2264 semper,
2296 2192 2361 2244 et
2397 2183 2459 2243 in
2509 2181 2728 2243 secula

312 2269 701 2333 seculorum.
799 2271 1177 2352 Halleluya.

445 2356 538 2418 Et
565 2379 690 2420 non
722 2359 967 2420 dicitur
990 2358 1284 2437 hymnus,
1315 2359 1471 2440 quia
1502 2359 1725 2421 laudes
1770 2379 1893 2420 non
1935 2358 2095 2419 liora
2126 2357 2405 2427 diuersa,
2438 2356 2557 2417 sed
2567 2365 2732 2435 pars

316 2445 635 2506 matutini
660 2455 1056 2526 reputantur.

429 2585 492 2655 {I
526 2580 690 2642 Post
718 2581 801 2644 H
794 2581 1098 2665 allelzcya³
1127 2583 1353 2645 statim
1386 2581 2008 2731 dicitmc‘lgntiplzona
2041 2580 2311 2662 tempori
2335 2579 2442 2642 vel
2449 2581 2625 2663 sesto

1289 2690 1495 2732 accom
1502 2691 1600 2732 mo
1693 2681 1776 2733 ta.

447 2768 504 2828 A
516 2769 838 2849 ntiplcona.
934 2771 1188 2833 Emitte
1219 2790 1487 2853 agnum.
1577 2769 1832 2832 Deinde
1854 2770 2166 2833 dicuntur
2195 2778 2322 2829 tres
2352 2766 2629 2841 Psalmi,
2663 2775 2736 2828 vt

314 2854 386 2913 in
404 2855 733 2934 psalterio,
763 2856 995 2936 quibus
1024 2857 1421 2939 adiungitur
1459 2857 1741 2938 quotidie
1792 2857 2130 2920 canticum.
2165 2854 2565 2917 Benedictus
2611 2874 2734 2934 quo

298 2941 503 3021 finito
611 2942 858 3004 dicitur
944 2944 1199 3025 integra
1288 2944 1655 3025 antiphona.
1779 2944 2033 3007 Emitte
2123 2962 2371 3024 agnum
2465 2939 2734 3003 domine

314 3028 803 3091 dominatorem
837 3039 1008 3093 terre
1039 3034 1123 3094 de
1156 3043 1342 3114 petra
1375 3031 1615 3095 deserti
1648 3031 1734 3094 ad
1768 3041 2067 3094 montem
2101 3030 2233 3092 filie
2266 3030 2447 3093 Sion.

445 3121 511 3191 ΙΙ
542 3115 625 3177 H
620 3137 685 3178 ec
741 3117 1092 3198 antiphona
1150 3119 1399 3181 dicitur
1451 3119 1547 3180 ad
1597 3118 1823 3180 laudes
1883 3139 2077 3199 vsque
2171 3116 2268 3178 ad
2341 3115 2730 3178 dominicam

313 3202 574 3264 tertiam
634 3204 955 3266 aduentus
1021 3205 1277 3286 quando
1318 3205 1416 3287 fit
1470 3203 1743 3285 officium
1819 3206 1896 3267 de
1955 3204 2277 3267 dominica
2352 3203 2475 3265 vel*
2521 3201 2726 3283 ferta.

313 3289 569 3351 Deinde
627 3290 892 3354 versus.‘'’
1004 3291 1295 3355 Domine
1356 3292 1603 3354 exaudi
1675 3294 2044 3355 orationem
2108 3311 2342 3353 meam.
2452 3289 2733 3368 Respon-

312 3376 602 3439 sorium.²'‘
695 3377 784 3440 Et
816 3378 1068 3441 clamor
1100 3399 1286 3441 meus
1317 3378 1404 3441 ad
1437 3390 1504 3441 te
1534 3380 1776 3442 veniat.
1866 3379 2135 3442 Deinde.

1179 3531 1480 3596 OremuS.
1576 3531 1846 3597 Oratio.5

330 3642 658 3769 EXcita
719 3662 1080 3724 quesumus
1140 3644 1410 3707 domine
1472 3646 1843 3726 potentiam
1908 3655 2109 3719 tuam,
2156 3654 2222 3707 et
2281 3643 2450 3718 veni,
2511 3654 2582 3706 vt
2642 3642 2728 3705 ab

485 3730 915 3793 iminentibus
978 3741 1400 3813 peccatorum
1453 3743 1826 3795 nostrorum
1877 3731 2198 3813 periculiS‚
2244 3741 2310 3794 te
2357 3750 2728 3793 mereamur

289 3826 706 3897 protegente
755 3819 936 3900 eripi,
992 3829 1059 3881 te
1110 3819 1430 3881 liberante
1485 3819 1747 3894 salnari,
1777 3820 1888 3901 qui
1941 3819 2110 3881 viuis
2158 3828 2226 3881 et
2280 3838 2516 3900 regnas
2571 3837 2723 3879 cum

316 3903 467 3964 Deo
528 3914 731 3984 patre,
793 3904 858 3967 in
921 3907 1176 3968 vnitate
1236 3907 1504 3988 spiritus
1558 3908 1769 3969 sancti
1832 3907 2014 3982 deuS,
2046 3926 2163 3988 per
2222 3905 2447 3968 omnia
2506 3904 2728 3967 secula

304 3989 697 4053 seculorum.
786 3992 1301 4073 Responsorium.
1391 3993 1633 4056 Amen.

452 4076 589 4138 Hec
617 4078 824 4141 oratio
855 4077 1104 4141 dicitur
1131 4088 1255 4160 per
1283 4089 1481 4142 totam
1513 4079 1683 4143 hanc
1722 4080 2183 4142 hebdomadam
2229 4079 2486 4160 quando
2514 4078 2611 4160 fit
2653 4079 2730 4140 de

284 4164 493 4243 jeria.
585 4164 681 4227 Et
733 4177 980 4247 semper
1032 4167 1289 4248 quando
1317 4166 1548 4248 agitur
1601 4166 1875 4248 officium
1935 4168 2013 4229 de
2051 4166 2257 4246 feria,
2287 4166 2398 4229 cui
2451 4186 2576 4228 non
2635 4175 2731 4226 est

300 4250 646 4332 assignata
663 4253 934 4333 propria
964 4253 1169 4316 oratio
1199 4253 1446 4316 dicitur
1470 4255 1677 4317 oratio
1707 4254 2021 4317 dominice
2036 4253 2448 4335 precedentis.

409 4412 423 4443 ¹
459 4417 548 4463 de.-
579 4417 692 4465 add.
726 4429 803 4478 39.
832 4430 911 4476 41.
941 4417 1018 4480 63.
1049 4417 1127 4467 66.
1753 4416 1776 4448 ²
1806 4435 1899 4469 om.
1929 4419 2007 4468 61.

406 4480 428 4508 ³
464 4480 746 4531 Fidelium:
783 4494 863 4544 43.
1751 4483 1772 4513 ⁴
1804 4485 1893 4532 de:
1924 4485 2035 4533 add.
2066 4496 2143 4547 39.
2171 4497 2250 4545 41.
2280 4482 2358 4547 63.

405 4544 427 4571 ⁵
458 4563 551 4595 om.
581 4546 661 4596 61.
745 4548 894 4596 These
914 4547 1176 4596 omissions
1196 4565 1298 4597 run
1321 4550 1534 4613 through
1559 4549 1641 4609 61,
1669 4551 1779 4598 and
1795 4550 1912 4598 will
1928 4557 2013 4599 not
2034 4550 2087 4598 he
2109 4549 2187 4597 laet
2189 4549 2353 4614 ἐρίων
2373 4549 2527 4596 noted.
