3293 5225
508 446 566 498 52
1026 435 1401 484 HEBDOMA
1408 435 1511 482 DA
1549 434 1902 483 SECUNDA
1942 439 1985 483 A
1994 437 2049 483 l)
2063 436 2254 484 VEN‘!
2261 437 2369 485 US.

508 589 735 652 mortis
783 609 899 651 sue
945 589 1246 671 protinus
1293 587 1670 651 humilitate
1717 588 2060 667 respondit
2106 589 2350 652 dicens,
2464 588 2617 652 Ceci
2666 589 2917 663 vident,

507 676 725 738 claudi
802 676 1190 739 ambulant:
1269 675 1506 756 leprosi
1587 675 1995 738 mundantur
2055 676 2234 739 surdi
2310 676 2609 750 audiunt,
2672 676 2913 738 mortui

510 772 901 846 resurgunt:
965 783 1289 846 pauperes
1350 761 1909 844 euangelizantur.
2026 764 2116 826 Et
2171 766 2405 827 beatus
2459 773 2559 826 est
2611 764 2723 845 qui
2781 783 2914 825 non

512 850 704 913 fuerit
734 850 1223 913 scandalizatus
1255 850 1321 912 in
1357 869 1477 911 me.
1571 848 1752 910 Visis
1784 859 1885 912 tot
1932 851 2138 932 signis
2185 852 2520 932 tantisque
2566 850 2918 912 virtutibus

510 958 644 1000 non
692 936 1120 1000 scandalizari
1167 934 1469 1019 quisque¹
1519 937 1738 1018 potuit
1783 936 1901 999 sed
1948 938 2275 1001 admirari.
2367 937 2503 1002 Sed
2552 936 2916 1000 infidelium

513 1045 701 1087 mens
753 1044 957 1107 graue
1010 1025 1073 1086 in
1131 1023 1245 1087 illo
1296 1022 1687 1086 scandalum
1745 1023 2050 1105 pertulit:
2116 1045 2267 1088 cum
2318 1045 2471 1087 eum
2524 1026 2915 1087 morientem

514 1121 664 1194 post
724 1120 826 1175 tot
887 1110 1204 1175 miracula
1256 1111 1437 1174 vidit.
1530 1110 1730 1172 Vnde
1791 1120 1859 1173 et
1925 1111 2166 1175 Paulus
2226 1112 2402 1175 dicit.
2497 1112 2641 1174 Nos
2693 1122 2915 1174 autem

512 1199 930 1280 predicamus
994 1197 1330 1262 Christum
1394 1196 1826 1260 crucifixum:
1899 1198 2122 1261 Iudeis
2176 1199 2446 1281 quidem
2513 1197 2920 1261 scandalum.

514 1284 841 1350 Gentibus
887 1297 1111 1348 autem
1158 1284 1529 1348 stultitiam.
1637 1282 1932 1348 Stultum
1983 1287 2232 1368 quippe
2279 1286 2658 1349 hominibus
2703 1287 2917 1347 visum

511 1382 613 1435 est
646 1384 715 1435 vt
751 1393 870 1454 pro
901 1371 1281 1435 hominibus
1312 1384 1543 1436 auctor
1587 1372 1722 1433 vite
1770 1384 2133 1436 moreretur
2161 1398 2173 1436 :
2221 1388 2288 1436 et
2321 1373 2474 1436 inde
2506 1384 2739 1436 contra
2769 1393 2918 1435 eum

512 1460 716 1610 gobm?
805 1459 1192 1522 scandalum
1284 1459 1611 1542 sumpsit:
1704 1458 1879 1520 vnde
1954 1462 2012 1522 ei
2090 1461 2375 1543 amplius
2451 1460 2711 1524 debitor
2787 1459 2920 1522 fieri

559 1568 595 1609 e
647 1558 760 1611 uit.

1596 1685 1840 1750 Oratio,

528 1786 855 1925 Excita
915 1797 1185 1860 domine
1246 1798 1447 1860 corda
1511 1807 1736 1861 nostra
1797 1799 1881 1861 ad
1946 1801 2396 1881 preparandas
2449 1798 2767 1878 vnigeniti
2830 1796 2923 1859 tui

683 1884 864 1946 vias:
911 1896 982 1947 vt
1015 1904 1131 1966 per
1161 1884 1301 1946 eius
1331 1886 1696 1949 aduentum
1732 1883 2094 1967 purificatis
2133 1885 2252 1947 tibi
2302 1884 2635 1948 mentibus
2682 1884 2926 1947 seruire

516 1991 923 2034 mereamur:
970 1972 1082 2052 qui
1130 1981 1347 2034 tecum
1397 1974 1578 2049 viuit,
1611 1984 1678 2035 et
1727 1982 1962 2055 regnat
2009 1974 2075 2034 in
2108 1974 2362 2035 vnitate
2395 1973 2662 2055 spiritus
2711 1971 2922 2034 sancti

512 2057 678 2120 deus
711 2078 827 2139 per
857 2059 1098 2121 omnia.

1134 2201 1199 2270 (Ι
1248 2195 1445 2257 Feria
1476 2196 1559 2277 ,ill
1592 2217 1672 2257 ex
1698 2195 1924 2259 Jsaiafl
2014 2197 2227 2258 Lectio
2257 2198 2317 2279 j.

518 2306 1064 2438 Consolamini
1115 2307 1550 2370 consolamini
1604 2305 1849 2391 popule
1900 2327 2104 2384 mcuS,
2152 2310 2314 2372 dicit
2362 2308 2526 2371 deus
2577 2323 2790 2371 vester

671 2395 846 2457 viam
882 2394 1232 2476 prudentie
1265 2394 1559 2459 ostendit
1594 2394 1738 2458 illi?
2097 2423 2102 2428 ·

1100 2509 1169 2606 ἘΙ
1220 2531 1589 2594 Secundum
1621 2532 1914 2596 Lucam.³
2001 2532 2218 2595 Lectio
2248 2533 2331 2615 .zj.

530 2645 770 2771 IEsus
802 2654 1024 2706 autem
1058 2645 1293 2726 plenus
1326 2645 1560 2728 spiritu
1594 2655 1828 2710 sancto
1978 2646 2080 2709 fac
2110 2656 2177 2709 et
2209 2646 2314 2709 hic
2347 2647 2412 2708 in
2449 2646 2661 2728 patria
2694 2655 2823 2708 tua.

658 2818 877 2880 Tertia
895 2817 1073 2880 lectio
1091 2819 1346 2899 quando
1368 2819 1600 2900 agitur
1616 2818 1694 2880 de
1699 2820 1903 2899 feria.
1969 2820 2285 2884 Sanctam
2315 2829 2381 2883 et
2406 2819 2930 2883 desiderabilem.

514 2916 619 2969 etc.
652 2915 726 2966 vt
752 2916 951 2986 supra
965 2905 1135 2985 folio
1166 2906 1298 2969 66.⁴

1120 3048 1185 3117 (Ι
1234 3042 1431 3104 Fcria
1464 3043 1573 3124 ,izjl
1607 3065 1686 3105 ex
1712 3044 1939 3106 Jsaiafi
2036 3044 2243 3107 Lectio
2271 3046 2332 3126 j.

532 3155 790 3283 ECce
835 3174 1064 3217 seruus
1113 3174 1317 3231 meuS,
1363 3156 1719 3237 suscipiam
1768 3175 1967 3219 eum:
2013 3155 2261 3218 electus
2310 3177 2494 3219 meus
2678 3157 2928 3218 Ponam

686 3244 994 3305 tenebras
1026 3261 1248 3304 coram
1284 3244 1377 3304 eis
1412 3243 1476 3304 in
1512 3241 1746 3317 lucem,
1777 3251 1844 3304 et
1879 3263 2083 3329 praua
2116 3243 2177 3304 in
2215 3254 2408 3307 recta.

1107 3384 1172 3453 (I
1224 3377 1592 3441 Secundum
1625 3377 1921 3442 Lucam.⁶
2011 3379 2222 3442 Lectio
2254 3380 2336 3461 .ῂῖ

669 3491 731 3553 It
805 3499 1049 3566 autern,
1126 3490 1348 3552 Amen
1414 3491 1565 3553 dico
1627 3491 1818 3553 vobis
2028 3494 2375 3573 predicans
2443 3493 2505 3555 in
2573 3495 2936 3575 synagogis

696 3576 968 3641 Galilee.

1108 3713 1328 3775 Tertia
1357 3714 1535 3775 lectio
1565 3716 1821 3796 quando
1851 3717 2083 3797 agitur
2108 3718 2184 3779 de
2197 3717 2402 3797 seria.

650 3825 902 3889 Audite
936 3825 1185 3901 fratreS,
1216 3826 1459 3889 audite
1494 3836 1568 3888 vt
1594 3837 1793 3907 supra
1806 3828 1977 3907 solio
2007 3829 2108 3906 67.
2111 3826 2135 3868 7

618 4075 794 4137 *Ere
829 4085 899 4137 tu
932 4094 1003 4224 eIs
1034 4074 1198 4223 deus
1243 4074 1672 4138 absconditus
1720 4075 1884 4139 deus
1935 4076 2203 4140 Israel.
2251 4077 2692 4143 ,laudabitur
2736 4100 2940 4143 omne

689 4182 917 4225 semen
992 4181 1175 4223 srae.

619 4372 639 4400 3
620 4306 965 4383 ¹quisquam:
1002 4317 1079 4368 39.
1108 4319 1187 4381 43.
1197 4306 1402 4421 Ἕκ.
1433 4306 1513 4368 64.
1962 4306 2168 4422 icg‘a‘
2137 4323 2215 4370 4.o
2248 4312 2304 4358 in
2330 4326 2394 4359 m.
2422 4310 2510 4371 [xl.
2548 4313 2714 4374 1-14.]

618 4437 637 4466 ⁵
672 4372 760 4487 ἓξ.
790 4372 961 4497 3323
981 4372 1214 4497 :iipstillil‘iz
1237 4449 1293 4485 1-
1304 4437 1373 4486 16.
1383 4384 1460 4498 ῗ9
1969 4372 2339 4516 ‘Eitea-223

616 4502 637 4534 ⁷
670 4504 779 4563 [See
803 4519 850 4566 p.
878 4501 987 4563 46.)
1449 4500 1471 4531 ⁸
1502 4519 1593 4553 om.
1625 4502 1706 4567 38.
1970 4502 1992 4532 ⁹
2024 4505 2112 4554 08.
2141 4516 2204 4569 45
2231 4523 2289 4554 m
2314 4522 2378 4555 m.
2408 4506 2527 4567 [xlv.
2562 4508 2762 4570 15-26.]
