3293 5225
294 435 437 485 Nov,
468 435 576 497 29.]
623 435 678 485 S.
717 435 1017 487 PETRUS
1045 436 1199 485 EPS.
1239 437 1331 485 SS.
1371 437 1458 485 SA
1471 436 1523 485 Τ
1522 434 1866 486 URNINUS
1897 436 2008 484 ET
2031 434 2426 487 SlslNNlUS.
2608 445 2705 500 357

291 588 658 652 conuertit:
703 598 770 652 et
816 589 906 652 sic
956 589 1022 652 in
1070 588 1203 652 fide
1233 587 1671 664 confirmauit,
1704 599 1776 652 vt
1824 609 1944 671 pro
1975 609 2054 651 ea
2091 588 2258 652 mori
2306 608 2439 651 non
2487 589 2705 652 dubit-

290 675 566 739 auerint.
656 675 850 739 Tunc
878 676 1265 739 Maxentius
1287 677 1373 739 ad
1408 676 1765 739 blanditias
1789 695 2146 739 conuersus
2170 677 2431 757 magnis
2455 674 2706 759 pollici·

291 762 655 826 tationibus
704 763 1134 827 Catharinam
1181 764 1566 847 aggreditur
1611 762 1800 846 Quas
1845 783 1995 825 cum
2044 765 2231 846 virgo
2275 764 2707 845 repudiasset,

295 848 660 931 plumbatis
705 850 972 914 scuticis
1007 851 1460 913 crudelissime
1505 870 1657 913 cesa
1690 851 1755 913 in
1803 870 2129 913 carcerem
2163 850 2703 914 obscurissimum

292 936 686 1013 detruditur,
717 948 785 1002 et
813 937 1120 1001 vndecim
1159 938 1393 1001 diebus
1425 937 1757 1000 continuis
1802 936 1996 1012 fame,
2027 945 2094 999 et
2138 937 2247 1000 siti
2279 939 2586 1013 cruciata,
2619 936 2705 1000 ad

292 1023 668 1105 gladiorum
717 1033 931 1087 rotam
964 1026 1339 1087 extrahitur
1381 1024 1938 1088 excarnificanda.
2047 1024 2225 1088 Rota
2278 1034 2504 1087 autem
2552 1044 2706 1087 con·

293 1110 483 1174 tinuo
505 1111 591 1174 ad
617 1111 822 1194 ipsius
853 1131 1079 1194 preces
1103 1111 1442 1174 confracta
1467 1121 1535 1175 et
1566 1112 1978 1175 comminuta
2000 1120 2118 1174 est.
2212 1109 2365 1192 Quo
2388 1110 2708 1175 miraculo

297 1198 490 1260 multi
522 1208 678 1262 sunt
722 1198 808 1261 ad
843 1196 1078 1272 Cristi†
1123 1197 1322 1262 fidem
1371 1199 1689 1261 conuersi.
1781 1197 1918 1262 Sed
1956 1218 2107 1260 cum
2141 1198 2264 1261 hec
2296 1198 2524 1262 omnia
2553 1218 2708 1280 sup-

293 1285 491 1367 plicia
545 1305 794 1368 magno
845 1287 1072 1348 animo
1124 1286 1349 1349 diuina
1401 1305 1530 1368 ope
1581 1294 1959 1367 superasset
2011 1285 2283 1349 iubente
2337 1285 2710 1359 Maxentio,

294 1372 481 1434 cuius
525 1383 668 1435 erat
711 1372 1085 1436 obstinatus
1132 1374 1412 1449 animus„
1447 1373 1667 1455 capite
1713 1372 2023 1454 plectitur
2067 1372 2153 1435 ad
2201 1370 2351 1453 ‚vij.¹
2395 1373 2709 1435 calendas

297 1458 706 1524 Decembris,
799 1459 958 1522 Eius
982 1469 1206 1523 autem
1239 1480 1479 1542 corpus
1508 1461 1575 1522 in
1603 1460 1768 1524 Sina
1802 1468 2029 1522 monte
2055 1459 2304 1522 Arabie
2346 1460 2712 1522 ministerio

296 1544 685 1628 angelorum
719 1545 1061 1610 conditum
1096 1556 1211 1610 est.

729 1689 796 1759 (Ι
827 1682 1070 1746 Petrus
1096 1684 1411 1766 episcopus
1440 1693 1711 1764 martyr.
1797 1683 2012 1746 Lectio
2043 1681 2278 1747 tertia?

310 1785 625 1916 PEtrus
677 1785 1141 1850 Alexandrine
1185 1787 1362 1850 vrbis
1407 1787 1760 1870 episcopus
1806 1787 2051 1850 theone
2097 1787 2524 1871 integerrimo
2568 1788 2710 1851 viro

447 1875 779 1949 successit,
828 1875 924 1937 vir
971 1875 1154 1937 omni
1202 1874 1448 1937 virtute
1495 1876 1890 1938 cumulatus,
1983 1873 2116 1956 Qui
2171 1895 2288 1956 per
2333 1875 2707 1938 vniuersam

300 1960 667 2044 Egyptum,
696 1959 877 2024 velut
923 1960 1152 2025 lucifer
1187 1962 1460 2042 quidam
1508 1959 1772 2025 effulsit.
1864 1962 2237 2025 Duodecim
2284 1982 2496 2024 annos
2542 1962 2712 2044 epis-

295 2058 611 2148 copatum
660 2047 834 2110 illius
862 2049 1041 2110 vrbis
1071 2049 1596 2111 administrauit:
1644 2058 1775 2112 tres
1806 2059 1961 2111 ante
2006 2050 2552 2131 persecutionem,
2573 2068 2714 2149 ‘que

296 2136 671 2198 maximino
716 2136 1116 2216 imperatore
1160 2135 1247 2198 ad
1302 2135 1625 2199 orientem
1674 2145 1911 2199 exorta
1956 2147 2073 2211 est,
2122 2136 2409 2218 reliquos
2456 2137 2522 2198 in
2568 2136 2715 2218 ipsa

295 2222 573 2285 diuersis
632 2223 1081 2286 tentationum
1143 2221 1496 2304 generibus
1554 2224 1864 2304 agitatus
1955 2221 2260 2303 Cumque
2322 2243 2586 2323 semper
2643 2224 2711 2286 in

292 2311 480 2372 omni
511 2328 728 2390 agone
761 2310 1293 2391 persecutionum
1328 2311 1583 2391 positus
1615 2328 1939 2410 magnum
1986 2311 2228 2372 faceret
2273 2311 2340 2372 in
2373 2311 2616 2374 virtute
2646 2320 2714 2374 et

293 2397 651 2460 sanctitate
682 2395 1071 2478 profectum,
1101 2397 1370 2460 vtilitati
1402 2406 1603 2477 atque
1642 2397 2054 2459 instructioni
2100 2397 2375 2460 ecclesie
2406 2408 2714 2461 constan·

297 2482 549 2545 tissime
610 2482 1026 2546 inseruiebat.
1119 2482 1288 2547 Cum
1353 2484 1552 2566 igitur
1612 2484 1678 2545 in
1744 2503 2012 2558 omnem
2075 2482 2422 2565 sac'erdotij
2488 2504 2711 2547 curam

295 2569 533 2633 diebus
555 2590 633 2633 ac
654 2570 961 2633 noctibus
981 2568 1371 2644 insudasset,
1390 2590 1570 2633 nono
1594 2571 2070 2653 persecutionis
2092 2590 2271 2634 anno
2289 2572 2715 2654 episcopatus

296 2676 455 2719 vero
515 2659 615 2719 sui
683 2657 945 2720 decimo
1004 2658 1101 2722 ,vi.
1161 2655 1474 2721 calendas
1535 2657 1928 2721 Decembris
1999 2658 2298 2721 eiusdem
2362 2660 2714 2722 maximini

295 2753 600 2825 tempore
630 2744 923 2826 martyrij
959 2764 1272 2807 coronam
1306 2746 1543 2827 capitis
1574 2746 2083 2808 obtruncatione
2115 2747 2493 2827 promeruit.

608 2886 675 2956 {I
709 2880 1119 2944 Saturninus
1146 2890 1210 2943 et
1239 2880 1582 2944 Sekinnius
1609 2890 1943 2961 martyres.
2031 2880 2243 2944 Lectio
2271 2880 2411 2964 ,2‘3‘723

311 2991 622 3122 ROme
680 2993 805 3056 sub
866 2994 1278 3056 maximiano
1339 2994 1734 3075 imperatore
1797 2992 2193 3057 Saturninus
2252 3004 2319 3057 et
2382 2993 2710 3058 Sisinnius

473 3078 792 3142 diaconus
845 3081 1013 3142 inter
1063 3080 1227 3142 alios
1283 3078 1525 3144 Christi
1579 3100 1805 3143 seruos
1856 3079 1944 3143 ad
1998 3079 2381 3144 fodiendam
2435 3101 2704 3145 arenam

292 3165 682 3229 edificandis
727 3168 1002 3230 thermis
1035 3166 1470 3230 Diocletianis
1501 3166 1802 3229 damnati
1834 3177 2005 3243 sunt,
2035 3166 2187 3230 licet
2216 3177 2390 3231 esset
2419 3188 2499 3231 ea
2530 3178 2708 3232 etate

296 3252 712 3330 SaturninuS,
740 3263 812 3316 vt
844 3274 961 3336 per
990 3263 1398 3317 senectutem
1430 3255 1755 3316 sarcinam
1790 3252 1954 3317 ferre
1986 3275 2118 3317 non
2151 3253 2396 3333 valenS‚
2425 3275 2466 3318 a
2499 3253 2707 3319 Sisin-

295 3341 409 3403 nio
446 3342 794 3404 iuuaretur.
887 3340 1188 3423 Quorum
1222 3360 1373 3403 cum
1406 3342 1723 3403 sanctitas
1746 3351 1812 3403 et
1845 3340 2009 3403 fides
2033 3342 2202 3404 inter
2232 3351 2484 3405 ceteros
2507 3341 2707 3405 chris·

293 3428 511 3490 tianos
557 3427 848 3509 polleret,
878 3429 1079 3491 ambo
1129 3427 1441 3491 Lauditio
1489 3428 1780 3509 prefecto
1825 3427 2048 3491 traditi
2083 3430 2146 3490 in
2179 3449 2505 3492 carcerem
2554 3439 2708 3492 sunt

291 3515 592 3592 coniecti,
621 3515 732 3577 vbi
780 3515 1023 3579 multos
1068 3514 1348 3598 gentiles
1393 3513 1480 3577 ad
1527 3536 1596 3577 se
1636 3516 1933 3577 veniens⁴
1980 3513 2179 3578 fidem
2229 3514 2611 3593 docuerunt,
2640 3526 2707 3579 et

293 3601 380 3664 ad
445 3600 779 3665 Christum
841 3612 1323 3665 conuerterunt.
1417 3602 1726 3684 Denique
1788 3611 1938 3683 post
1999 3600 2242 3665 multos
2302 3602 2444 3666 dies
2502 3604 2706 3666 vincti

290 3687 609 3765 cathenis,
631 3710 708 3751 ac
734 3688 929 3751 nudis
953 3688 1232 3771 pedibus
1254 3687 1494 3765 educti,
1516 3688 1602 3751 ad
1635 3688 1963 3770 tripodem
1996 3687 2360 3753 sacrificare
2385 3690 2709 3755 iubentur.

294 3774 394 3837 At
439 3775 770 3838 clamante
819 3777 1178 3840 Saturnino
1223 3785 1521 3838 conterat
1565 3775 1877 3838 dominus
1923 3774 2099 3838 idola
2144 3777 2462 3858 gentium,
2493 3775 2709 3840 soluta

291 3862 573 3943 tripode,
625 3861 759 3925 duo
812 3862 1053 3925 milites
1106 3863 1339 3945 papias
1382 3873 1450 3925 et
1496 3882 1763 3925 maurus
1809 3863 1874 3925 in
1923 3861 2229 3937 cristum†
2272 3863 2709 3928 crediderunt.

296 3948 430 4032 Qui
463 3948 662 4031 paulo
708 3959 858 4031 post
904 3949 1166 4012 suerunt
1212 3950 1530 4030 martyrio
1560 3951 1874 4013 coronati.
1967 3949 2257 4013 Demum
2295 3950 2708 4026 SaturninuS,

293 4044 363 4098 et
396 4035 725 4100 Sisinnius
758 4046 907 4118 post
939 4036 1183 4099 multos
1223 4038 1548 4099 cruciatus
1581 4037 1760 4099 iussu
1792 4037 2068 4118 presidis
2100 4038 2165 4099 in
2198 4039 2374 4100 viam
2413 4038 2473 4100 N
2479 4058 2708 4100 omen-

294 4131 521 4185 tanam
548 4123 860 4186 abstracti
892 4123 1184 4186 secundo
1214 4123 1301 4186 ab
1324 4122 1482 4185 vrbe
1514 4123 1819 4186 milliario
1843 4124 2060 4204 capite
2092 4126 2374 4187 truncati
2408 4123 2704 4205 martyrij

296 4210 588 4291 palmam
636 4220 791 4273 sunt
836 4211 1188 4273 consecuti.
1280 4209 1580 4292 Quorum
1628 4230 1903 4291 corpora
1957 4210 2260 4273 Tharson
2307 4221 2374 4274 et
2424 4211 2711 4274 Ioannes

295 4298 403 4359 via
436 4298 670 4360 salaria
703 4299 768 4360 in
804 4296 1032 4381 predio
1061 4317 1182 4360 suo
1212 4297 1611 4380 sepelierunt
1649 4298 1842 4359 tertio
1872 4297 2184 4359 calendas
2217 4298 2621 4361 Decembris,

413 4429 432 4461 ¹
466 4432 581 4483 die:
617 4435 728 4484 add.
759 4445 837 4497 39.
910 4442 1139 4483 sextum·
1174 4445 1254 4495 49.
1283 4431 1361 4482 61.
1391 4432 1470 4494 64.
1808 4430 1831 4461 ²
1863 4430 1931 4481 di.
1950 4432 2038 4509 ⁶26.
2068 4434 2125 4481 in
2150 4449 2215 4482 m.

396 4494 420 4528 ³
451 4498 533 4548 die
557 4511 636 4561 29.
666 4515 724 4547 m
747 4515 814 4549 m.
1797 4495 1819 4527 ⁴
1850 4506 2137 4548 vementes:
2175 4497 2252 4562 38.
2282 4509 2376 4548 etc.
