3293 5225
329 478 453 530 Im..
482 477 557 541 9.]
1104 477 1294 527 OCTA
1312 476 1400 526 VA
1450 477 1691 527 VISITA
1706 477 1967 528 TIONIS.
2651 492 2740 544 301

333 632 516 696 enim
551 642 652 696 est
683 631 1123 716 gubernatrix
1154 631 1438 714 prouida
1482 631 1685 694 celice
1712 640 1782 694 et
1830 641 2088 695 terrene
2141 634 2540 714 potestatis?
2665 635 2741 697 In

340 720 574 785 Maria.
691 719 823 782 Vbi
887 727 1100 782 mater
1162 718 1606 780 misericordie
1667 727 1737 780 et
1795 719 2242 801 impetratrixl
2302 722 2540 784 venie?
2665 722 2741 784 In

340 807 571 870 Maria„
663 806 798 869 Vbi
833 805 1189 869 mediatrix
1223 804 1308 867 ad
1341 803 1541 866 deum
1592 825 1711 888 pro
1756 805 2077 869 crimine?
2170 808 2248 870 In
2287 808 2517 872 Maria.
2608 809 2744 871 Vbi

332 894 706 977 reparatrix
767 893 1095 976 sperande
1139 892 1396 973 gratie?
1492 891 1569 953 In
1606 893 1835 955 Maria.
1956 893 2089 957 Vbi
2144 904 2356 957 mater
2399 895 2747 959 militantis

329 981 661 1044 ecclesie?
755 980 832 1042 In
883 980 1113 1043 Maria.
1205 978 1338 1041 Vbi
1388 978 1718 1041 aduocata
1767 979 2016 1043 seculi?
2109 980 2186 1043 In
2243 981 2474 1046 Maria.
2592 983 2747 1065 Ipsa

337 1068 671 1150 siquidem
703 1077 806 1130 est
838 1067 1167 1130 aduocata
1199 1065 1432 1127 mundi
1462 1088 1476 1128 :
1524 1076 1808 1147 patrona
1840 1067 2100 1149 peculij‚
2131 1068 2421 1132 visitatio
2453 1070 2745 1151 periculi,

333 1175 490 1237 spes
565 1155 798 1218 salutis
872 1153 1102 1237 populi
1191 1151 1544 1215 christiani.
1685 1152 1842 1234 Ipsa
1932 1155 2319 1218 miserorum
2411 1156 2748 1219 miseratio

332 1242 735 1307 afflictorum
827 1240 1183 1304 releuatio:
1302 1238 1755 1302 desolatorum
1846 1241 2234 1318 consolati0,
2321 1253 2745 1325 peccatorum

338 1330 631 1393 visitatio
660 1353 673 1392 :
721 1327 1243 1392 discordantium
1279 1327 1709 1407 reintegratio
1741 1347 1891 1390 cum
1926 1329 2280 1411 triumph0.

382 1459 450 1530 (Ι
480 1453 612 1516 Die
641 1453 796 1534 ,vt’g'sl
829 1452 907 1513 de
935 1461 1159 1513 octaua
1190 1448 1612 1513 mlvitationis‘ss
1644 1450 1823 1512 lectio
1854 1451 1968 1532 λέγ’.
2062 1451 2291 1515 Sermo
2336 1453 2722 1518 venerabilis

1251 1537 1424 1600 Bede
1453 1537 1832 1619 presbyteri.

355 1644 650 1774 BEata
701 1643 808 1706 dei
860 1641 1153 1726 genitrix
1216 1641 1404 1725 virgo
1452 1661 1716 1723 semper
1768 1641 1999 1717 Maria,
2048 1642 2375 1724 templum
2432 1644 2749 1709 Domini:

520 1731 876 1794 sacrarium
939 1731 1208 1811 spiritus
1253 1728 1483 1804 sancti,
1514 1748 1665 1790 cum
1721 1727 1808 1790 ab
1859 1729 2103 1810 angelo
2155 1730 2444 1794 salutata
2498 1731 2748 1807 fuisset,

338 1838 545 1899 seque
613 1817 797 1900 prole
870 1816 1218 1901 grauidam
1294 1825 1769 1898 cognosceret:
1858 1816 2206 1880 confestim
2283 1818 2348 1880 in
2426 1829 2748 1882 montana

340 1905 677 1988 perrexit:
737 1902 1056 1988 portauit⁸
1085 1923 1220 1985 quo
1265 1902 1671 1985 portabatur.
1783 1902 1875 1964 Et
1926 1913 2157 1985 aperte
2208 1915 2361 1987 post
2421 1907 2743 1969 visionem

339 1993 562 2076 angeli
640 1993 839 2055 beata
912 1992 1019 2055 dei
1081 1991 1375 2073 genitrix
1436 1990 1502 2052 in
1567 1999 1888 2052 montana
1963 1990 2205 2072 subijt:
2280 2012 2403 2074 que
2477 2004 2746 2076 gustata

342 2080 672 2143 suauitate
725 2098 1157 2162 supernorum
1191 2077 1481 2139 ciuium:
1528 2076 1922 2139 humilitatis
1970 2098 2043 2139 se
2095 2080 2429 2160 gressibus
2474 2081 2560 2143 ad
2608 2081 2743 2144 alta

342 2168 659 2230 virtutum
761 2165 1117 2229 transtulit.
1211 2165 1426 2227 Intrat
1515 2184 1676 2245 ergo
1764 2166 2041 2227 domum
2133 2167 2450 2241 zacharie,
2542 2178 2743 2250 atque

346 2253 698 2318 Elizabeth
772 2272 975 2334 quam
1052 2271 1315 2314 seruum
1392 2271 1469 2313 ac
1532 2270 1986 2332 precursorem
2062 2251 2317 2316 domini
2379 2255 2741 2336 parituram

342 2352 657 2404 nouerat:
705 2341 988 2403 salutat:
1037 2358 1168 2401 non
1218 2340 1407 2420 quasi
1456 2337 1659 2400 dubia
1709 2338 1793 2399 de
1838 2339 2107 2401 oraculo
2153 2341 2335 2421 quod
2381 2352 2746 2426 acceperat,

341 2427 491 2490 sed*
516 2426 928 2510 gratulatura
976 2425 1062 2488 de
1114 2424 1295 2487 dono
1347 2426 1528 2506 quod
1577 2444 1968 2487 conseruam
2024 2429 2357 2509 accepisse
2405 2428 2745 2493 didicerat.

347 2516 501 2577 Non
563 2524 636 2576 vt
695 2515 968 2576 verbum
1031 2512 1252 2594 angeli
1314 2510 1605 2574 mulieris
1650 2513 2077 2575 attestatione
2138 2514 2467 2596 probaret,
2512 2516 2629 2579 sed
2675 2527 2747 2581 vt

347 2602 601 2665 mulieri
677 2609 988 2685 prouecte
1062 2600 1258 2662 etatis
1345 2599 1534 2683 virgo
1623 2598 1973 2663 iuuencula
2050 2602 2440 2682 mysterium
2516 2604 2745 2668 sedula

345 2688 777 2772 impenderet.
868 2687 965 2750 Vt
1010 2697 1234 2750 autem
1280 2688 1538 2750 audiuit
1589 2687 2060 2750 salutationem
2116 2689 2327 2752 Marie
2383 2684 2746 2768 Elisabeth,

345 2777 677 2839 exultauit
752 2773 969 2838 infans
1032 2775 1097 2837 in
1160 2786 1349 2838 vtero
1407 2774 1549 2836 eius
1607 2786 1675 2835 et
1751 2774 2002 2855 repleta
2061 2784 2161 2837 est
2221 2776 2451 2859 spiritu
2513 2790 2745 2841 sancto

347 2862 713 2926 Elisabeth.
800 2860 1170 2945 Aperiente
1229 2882 1304 2924 os
1365 2880 1558 2923 suum
1608 2859 1695 2922 ad
1771 2861 2198 2924 salutandum
2254 2864 2450 2926 beata
2514 2864 2746 2942 Maria,

348 2949 601 3032 repleta
677 2959 778 3012 est
849 2970 1011 3012 mox
1093 2950 1327 3032 spiritu
1389 2958 1622 3010 sancto
1692 2946 2067 3010 elisabeth:
2146 2949 2433 3032 repletus
2504 2962 2604 3014 est
2677 2963 2746 3015 et

350 3035 635 3099 Ioannes
709 3046 905 3118 atque
994 3056 1125 3098 vno
1214 3036 1584 3116 eodemque
1657 3034 1889 3117 spiritu
1966 3035 2168 3098 ambo
2250 3037 2486 3101 edocti.
2625 3039 2748 3102 Illa

346 3124 749 3187 salutantem
783 3144 912 3206 que
943 3131 1118 3186 esset
1164 3122 1460 3204 agnouit,
1485 3131 1551 3183 et
1599 3130 1672 3183 vt
1726 3131 2007 3184 matrem
2062 3123 2314 3185 domini
2368 3126 2469 3188 sui
2523 3126 2748 3190 debita

345 3231 496 3273 cum
546 3210 1010 3274 benedictione
1041 3219 1355 3273 venerata
1384 3218 1500 3270 est.
1597 3208 1735 3271 Iste
1768 3210 1985 3291 ipsum
2018 3230 2161 3272 esse
2192 3211 2584 3277 dominum:
2633 3216 2747 3296 qui

347 3309 533 3361 vtero
564 3300 836 3381 virginis
869 3307 1241 3381 portaretur
1271 3295 1619 3359 intellexit.

454 3433 521 3503 ΙΙ
567 3428 783 3491 Hodie
812 3428 881 3489 in
915 3427 1193 3508 vesperis
1221 3426 1464 3487 dicitur
1489 3425 1550 3486 A
1562 3421 1872 3505 ntiphona
1901 3425 2240 3507 assthnata
2269 3427 2366 3488 ad
2372 3428 2638 3509 primas

1404 3522 1711 3593 vesperas,

981 3606 1048 3676 ΙΙ
1099 3600 1346 3664 Octaua
1391 3598 1811 3661 metationis-⁵
1843 3597 2116 3680 duplex.⁶

983 3688 1207 3750 Tertia
1237 3686 1452 3748 Lectio
1480 3707 1558 3747 ex
1583 3686 1793 3747 eodem
1823 3706 2123 3749 sermone.

362 3800 738 3928 REpleta
798 3810 900 3863 est
958 3820 1118 3882 ergo
1179 3799 1411 3881 spiritu
1474 3809 1709 3860 sancto
1771 3796 2156 3860 Elizabeth:
2217 3809 2284 3861 et
2342 3800 2751 3866 exclamauit

553 3907 714 3950 voce
748 3907 1008 3967 magna.
1102 3886 1310 3948 Recte
1341 3905 1503 3948 voce
1550 3903 1794 3965 magna
1842 3884 2287 3947 exclamauit:
2317 3888 2475 3967 quia
2506 3909 2751 3971 magna

347 3974 455 4037 dei
484 3975 801 4056 cognouit
833 3973 1027 4037 dona.
1106 3973 1196 4036 Et
1229 3982 1403 4035 recte
1432 3991 1592 4035 voce
1626 3990 1871 4054 magna
1896 3972 2052 4053 quia
2078 3972 2261 4035 illum
2288 3993 2488 4054 quem
2510 3975 2752 4058 vbique

349 4072 723 4144 presentem
796 4071 1090 4136 nouerat,
1153 4062 1356 4122 etiam
1409 4058 1644 4122 adesse
1706 4058 2037 4121 sentiebat
2185 4059 2438 4143 Magna
2500 4066 2747 4127 etenim

347 4168 546 4211 voce:
594 4168 725 4211 non
762 4158 899 4211 tam
933 4146 1227 4209 clamosa
1258 4166 1459 4228 quam
1493 4147 1739 4208 deuota
1786 4145 2290 4226 intelligendum
2324 4159 2462 4211 est:
2515 4144 2755 4232 Neque

347 4236 522 4297 enim
586 4235 847 4297 modice
893 4232 1098 4297 vocis⁷
1129 4233 1503 4296 deuotionis
1549 4231 1925 4295 dominum⁸
1978 4232 2246 4296 laudare
2294 4236 2576 4314 valebat,
2622 4259 2751 4321 que

442 4336 464 4432 ζ
498 4337 820 4402 imperatrix:
858 4349 935 4400 39.
965 4349 1044 4398 41.
1636 4332 1667 4428 ²⁴
1693 4333 1789 4384 die.
1819 4334 1865 4383 8.
1896 4335 1955 4382 in
1979 4351 2043 4384 m.

443 4466 465 4495 ⁸
496 4411 898 4529 ffie‘tgffnassffl'
928 4412 1022 4452 εἰς’
1656 4461 1678 4493 ⁶
1699 4402 2165 4528 vrfeinff'ssdzrsseggl
2194 4480 2273 4528 41.
2303 4467 2381 4532 63.
2411 4468 2490 4530 64,

444 4530 465 4563 ⁷
498 4549 652 4582 voce:
689 4546 766 4596 39.
796 4546 875 4594 41.
1652 4527 1674 4559 Β
1706 4530 1886 4580 deum:
1923 4543 2001 4594 43.
2031 4544 2109 4593 49.
2139 4530 2219 4581 61.
2248 4532 2326 4596 63.
2357 4533 2435 4595 64.
