3293 5225
329 493 516 543 MART.
547 494 621 555 3.]
654 493 746 542 SS.
787 492 1160 543 IULIANUS
1178 493 1598 545 ETEUNUS:
1631 493 1724 543 SS.
1753 493 2267 545 EMETHERJUS
2286 494 2450 543 ETC.
2645 494 2744 552 267

327 646 392 707 in
439 645 638 721 diem,
671 666 804 727 qua
849 657 1233 729 assumptus
1278 657 1380 710 est
1425 666 1465 707 a
1512 646 1722 721 nobiS‚
1768 655 2009 710 testem
2059 646 2548 710 resurrectionis
2595 646 2741 708 eius

323 733 670 795 nobiscum
733 732 868 795 fieri
916 753 1117 796 vnum
1165 753 1253 796 ex
1301 735 1460 808 istis,
1507 734 1598 796 Et
1660 743 2037 796 statuerunt
2078 733 2264 810 duos,
2317 733 2577 816 Ioseph,
2623 734 2734 814 qui

324 829 599 882 vocatur
633 820 995 882 Barsabas:
1026 830 1092 882 et
1125 821 1636 902 cognominatus
1669 831 1771 884 est
1810 822 2047 898 Iustus,
2078 832 2145 884 et
2181 820 2525 883 Mathiam.
2607 819 2743 881 At-

325 926 456 987 que
516 917 782 969 orantes
842 906 1176 984 dixerunt,
1223 908 1329 970 Tu
1391 908 1680 983 domine,
1740 909 1853 989 qui
1913 908 2116 971 corda
2177 909 2352 970 nosti
2413 907 2736 980 omnium,

324 994 605 1057 ostende
663 1014 864 1075 quem
926 994 1202 1076 elegeris
1263 1015 1350 1057 ex
1413 994 1514 1056 his
1561 996 1824 1057 duobus
1883 1015 2107 1072 vnum,
2152 995 2452 1077 accipere
2514 994 2734 1056 locum

326 1079 670 1162 ministerij
708 1081 919 1157 huiuS,
950 1091 1018 1144 et
1046 1082 1478 1164 apostolatuS,
1509 1080 1595 1144 de
1625 1101 1760 1162 quo
1793 1084 2243 1164 preuaricatus
2273 1092 2374 1145 est
2412 1082 2631 1156 IudaS,
2663 1091 2735 1143 vt

325 1166 538 1232 abiret
584 1169 650 1231 in
700 1169 920 1232 locum
966 1188 1180 1245 suum,
1229 1168 1319 1231 Et
1379 1167 1707 1231 dederunt
1767 1179 1977 1233 sortes
2023 1170 2134 1246 eiS,
2179 1179 2248 1232 et
2307 1168 2546 1232 cecidit
2590 1188 2740 1230 sors

325 1275 524 1336 super
571 1255 920 1331 Mathiam,
965 1266 1031 1319 et
1085 1266 1560 1318 annumeratus
1620 1266 1722 1318 est
1783 1276 1934 1318 cum
1997 1256 2305 1319 vndecim
2370 1254 2741 1338 Apostolis·‚

327 1341 618 1404 Mathias
651 1343 850 1424 igitur
879 1342 980 1424 (vt
1010 1342 1282 1423 quidam
1331 1343 1633 1423 tradunt)
1678 1363 1828 1405 cum
1863 1344 1929 1406 in
1966 1343 2364 1406 Macedonia
2412 1344 2696 1425 primum
2725 1365 2742 1404 τ

323 1428 566 1491 deinde
608 1430 673 1492 in
713 1429 921 1492 Iudea
951 1430 1224 1493 verbum
1276 1430 1402 1492 Dei
1452 1430 1770 1492 latissime
1815 1430 2311 1493 disseminasset
2358 1430 2737 1510 multosque

323 1515 792 1598 predicatione,
820 1527 890 1580 et
934 1517 1493 1597 consequentibus
1537 1515 1769 1599 signis1
1801 1518 1886 1579 ad
1921 1518 2165 1581 Christi
2214 1517 2414 1579 fidem
2462 1536 2739 1579 conuer-

324 1603 548 1665 tisset:
595 1623 634 1665 a
672 1603 893 1666 Iudeis
927 1603 993 1666 id
1025 1624 1181 1685 egre
1225 1603 1584 1666 serentibus
1629 1605 2164 1687 comprehensu5‚
2199 1604 2532 1686 lapidibus
2565 1624 2733 1685 pene

321 1688 597 1752 obrutus
627 1701 745 1766 est,
776 1711 853 1753 ac
885 1700 1224 1773 postremo
1256 1692 1463 1753 securi
1498 1694 1868 1774 percussus²
1899 1693 1997 1756 ‚vi.
2029 1691 2343 1755 calendas
2378 1690 2623 1771 Martij.

697 1808 764 1878 (I
795 1803 1100 1866 Iulianus
1127 1814 1191 1866 et
1218 1802 1455 1866 Eunus
1484 1806 1845 1885 martyres3
1931 1805 2146 1868 Lectio
2175 1804 2386 1867 tertia.

336 1915 675 2042 INeunte
737 1916 1178 1998 principatum
1247 1916 1457 1979 Decio
1516 1916 1914 2000 imperatore
1976 1928 2113 1979 tam
2175 1917 2603 1979 vehementer
2665 1915 2733 1976 in

436 2002 850 2067 Christianos
897 2005 1184 2065 seuitum
1232 2013 1350 2080 est,
1404 2014 1476 2067 vt
1523 2005 1715 2066 iuxta
1775 2004 2049 2066 verbum
2116 2003 2389 2066 Domini
2452 2001 2731 2065 scanda-

322 2088 676 2152 lizarentur
735 2090 1218 2173 propemodum
1280 2092 1482 2153 etiam
1561 2091 1731 2154 iusti.
1809 2091 1977 2155 Cum
2043 2092 2241 2173 igitur
2315 2088 2741 2153 Alexandrie

321 2176 792 2259 suppliciorum
861 2178 1280 2240 immanitate
1339 2178 1614 2259 quidam
1680 2179 2003 2261 perterriti
2080 2178 2278 2240 fidem
2358 2187 2740 2258 negassent,

322 2264 618 2345 plerique
648 2281 873 2327 tamen
907 2265 1141 2346 spiritu
1175 2265 1428 2327 domini
1462 2265 1835 2327 confirmati
1869 2265 2262 2327 admiranda
2295 2265 2566 2344 martyri
2570 2264 2593 2345 j
2630 2263 2733 2325 sui

320 2351 699 2432 spectacula
732 2353 1149 2433 prebuerunt.
1248 2352 1323 2414 In
1359 2353 1719 2433 primisque
1771 2352 2065 2415 Iulianus
2098 2352 2489 2414 venerabilis
2522 2370 2731 2413 senex

323 2437 621 2520 podagra
653 2437 977 2513 laboran5‚
1007 2450 1079 2500 vt
1113 2458 1327 2520 neque
1358 2440 1663 2501 incedere
1699 2450 1936 2520 posset,
1968 2459 2180 2520 neque
2211 2450 2404 2514 stare,
2429 2438 2542 2519 qui
2576 2457 2727 2500 cum

321 2523 582 2587 duobus
614 2526 930 2587 ministris
955 2524 1351 2588 Christianis
1382 2547 1422 2588 a
1453 2526 1695 2606 quibus
1725 2526 1886 2589 sella
1919 2524 2306 2607 portabatur
2331 2524 2414 2588 ad
2443 2523 2731 2587 iudicem

321 2614 722 2676 constitutus
776 2612 971 2675 nullis
1021 2614 1216 2674 minis
1264 2615 1481 2695 potuit
1528 2634 1650 2676 nec
1698 2615 1838 2695 ipse
1885 2634 2005 2676 nec
2059 2615 2226 2676 alter
2279 2615 2727 2675 ministrorum

324 2700 558 2762 Eunus
605 2701 874 2762 nomine
935 2720 974 2761 a
1018 2721 1173 2762 vera
1234 2702 1482 2782 pietate
1527 2711 1596 2762 et
1651 2700 1893 2764 Christi
1940 2701 2356 2763 confessione
2402 2700 2739 2762 deterreri.

324 2787 829 2850 Perseuerantes
918 2807 1076 2868 ergo
1167 2787 1478 2850 iubentur
1566 2787 1837 2850 camelis
1928 2787 2220 2870 impositi
2311 2807 2426 2869 per
2514 2795 2729 2848 totam

322 2873 549 2935 vrbem
597 2873 990 2943 circumduci.
1023 2884 1090 2937 et
1123 2872 1344 2956 flagris
1377 2874 1529 2936 hinc
1565 2876 1719 2936 inde
1751 2874 2003 2957 populo
2034 2882 2377 2956 spectante
2408 2893 2614 2954 vsque
2646 2872 2733 2934 ad

319 2971 602 3023 mortem
666 2959 914 3025 laniari.
977 2961 1067 3023 Et
1128 2962 1222 3023 sic
1285 2962 1603 3043 martyrio
1664 2963 1961 3025 coronati
2023 2972 2177 3025 sunt
2238 2961 2343 3042 .iij.
2418 2958 2741 3022 calendas

325 3046 571 3128 Martij.

1298 3159 1758 3224 MARTIVS.

449 3277 516 3347 (Ι
545 3271 610 3334 E
614 3272 959 3336 metherius
995 3273 1367 3339 Caledonius
1395 3283 1459 3335 et
1486 3274 1546 3335 A
1557 3273 1796 3334 sterius
1825 3275 2184 3353 martyres.⁴
2274 3272 2487 3334 Lectio
2519 3270 2613 3351 ἰῇ.

465 3384 845 3461 Metheriu3‚
868 3395 934 3447 et
962 3384 1369 3448 Celidonius⁶
1393 3385 1570 3468 apud
1602 3385 1968 3466 Legionem
2020 3384 2346 3466 Hispanie
2391 3383 2735 3446 ciuitatem

487 3482 857 3553 exurgente
903 3473 1379 3554 persecutionis
1427 3471 1715 3554 procella
1761 3472 1849 3534 ob
1896 3471 2139 3535 Christi
2189 3471 2383 3534 fidem
2436 3470 2743 3553 plurimis

319 3559 666 3620 tormentis
697 3557 924 3622 afflicti
959 3558 1384 3640 Calagurium
1420 3558 1574 3621 inde
1608 3558 1906 3641 perducti
1939 3569 2111 3634 sunt,
2142 3569 2343 3639 atque
2376 3559 2464 3621 ibi
2497 3557 2739 3639 capitis

319 3643 690 3707 abscisione
724 3648 992 3727 martyri
996 3646 1019 3727 j
1058 3646 1351 3728 palmam
1385 3656 1541 3709 sunt
1572 3647 1926 3709 consecuti.

324 3769 720 3900 ASterius
783 3772 997 3853 patria
1064 3771 1408 3833 Romanus
1476 3771 1726 3833 ordinis
1786 3770 2117 3852 senatorij,
2170 3770 2437 3834 illustris
2484 3769 2735 3833 familia

507 3857 850 3939 gloriaque
912 3878 1125 3920 rerum
1189 3868 1526 3939 gestarum
1592 3858 1717 3920 fuit
1776 3858 1892 3920 sed
1955 3858 2267 3922 cristiana
2342 3859 2592 3939 pietate
2667 3869 2734 3919 et

319 3947 580 4025 magnis
641 3945 705 4007 in
767 3945 1010 4008 virtute
1086 3945 1330 4009 Christi
1409 3945 1742 4008 miraculis
1814 3944 2011 4008 editis
2085 3945 2335 4008 clarior.
2430 3944 2732 4026 Quorum

318 4031 481 4094 illud
530 4032 594 4093 in
643 4032 870 4114 primis
918 4043 1340 4107 memoratur,
1389 4032 1595 4113 Apud
1645 4032 1999 4096 Cesaream
2049 4032 2337 4115 Philippi
2387 4033 2450 4093 in
2517 4031 2735 4094 radice

318 4120 565 4181 montis
632 4118 815 4200 Panij
879 4118 988 4182 vbi
1050 4120 1257 4181 oritur
1321 4119 1624 4182 Iordanis
1686 4118 1926 4182 fluuius
1988 4120 2190 4181 veteri
2253 4120 2499 4200 gentis⁰
2561 4118 2735 4180 illius

318 4205 620 4269 instituto
653 4206 1123 4269 immolabatur
1155 4206 1407 4268 solenni
1440 4208 1762 4287 quodam⁷
1795 4207 1930 4268 die⁸
1960 4207 2250 4282 victima,
2281 4226 2411 4288 que
2432 4206 2737 4268 demonis

318 4291 649 4375 prestigijs
712 4303 983 4375 repente
1044 4293 1325 4369 sublata,
1387 4293 1449 4355 in
1514 4294 1730 4355 celum
1807 4292 2020 4356 efferri
2096 4292 2501 4356 credebatur.
2613 4291 2740 4355 Cui

415 4417 430 4448 ¹
466 4418 623 4483 signi:
659 4430 738 4496 39.
1293 4417 1316 4449 ²
1350 4429 1455 4470 est:
1491 4423 1602 4469 add.
1633 4434 1711 4483 39.
1742 4432 1823 4480 41.
2153 4419 2173 4449 ³
2206 4420 2287 4470 die
2313 4432 2389 4482 27.
2423 4421 2479 4468 in
2505 4436 2568 4469 m.

411 4483 431 4513 ⁴
462 4484 544 4533 die
568 4497 613 4548 3.
644 4502 701 4533 m
726 4503 792 4536 m.
1298 4484 1319 4514 ⁵
1366 4488 1501 4535 Thus
1523 4488 1624 4535 also
1648 4486 1727 4550 38.
2146 4484 2167 4516 ⁶
2199 4486 2370 4549 genti:
2409 4499 2485 4548 39.

408 4548 429 4581 ⁷
462 4549 711 4615 quadam:
748 4551 827 4614 38.
855 4564 933 4613 43.
964 4551 1041 4600 61.
1292 4551 1312 4581 ²⁴
1344 4570 1436 4601 om.
1467 4552 1545 4602 61.
