3293 5225
930 448 1024 497 IN
1048 449 1190 496 FES
1198 447 1288 497 To
1323 449 1818 498 ASCENSJONIS
1848 450 2153 500 Dolum-7.
2671 460 2759 513 155

945 658 1012 728 π
1056 651 1139 714 H
1134 650 1396 726 omelial'
1424 652 1637 714 sancti
1670 651 1729 715 G
1734 653 1978 733 regort'j
1989 664 2165 735 pape.

497 765 652 828 Vod
709 765 1248 827 resurrectionem
1298 765 1704 827 dominicam
1752 763 2056 846 discipuli
2103 765 2290 828 tarde
2336 765 2756 829 crediderunt

528 873 660 914 non
694 863 833 916 tam
857 853 1116 915 illorum
1146 851 1492 914 infirmitas
1524 871 1726 933 quam
1755 861 1979 914 nostra
2009 854 2110 930 (vt
2142 854 2233 915 ita
2259 852 2508 933 dicam)
2547 852 2752 916 sutur-

354 961 393 1001 a
446 939 722 1002 firmitas
757 941 897 1004 fuit.
993 940 1147 1021 Ipsa
1198 958 1486 1019 namque
1539 940 1926 1001 resurrectio
1974 939 2100 1000 illis
2146 939 2607 1003 dubitantibus
2640 960 2757 1022 per

355 1026 562 1089 multa
582 1037 978 1108 argumenta
1002 1037 1367 1089 monstrata
1388 1037 1490 1089 est
1510 1047 1642 1107 que
1669 1026 1828 1088 dum
1853 1047 1973 1088 nos
2000 1026 2296 1107 legentes
2328 1027 2754 1108 agnoscimus

352 1113 509 1193 quid
542 1113 722 1176 aliud
749 1134 950 1195 quam
985 1110 1094 1177 de1
1119 1113 1375 1175 illorum
1402 1113 1824 1176 dubitatione
1855 1113 2267 1176 solidamur?
2319 1114 2544 1177 Minus
2575 1115 2751 1176 enim

354 1200 513 1262 mihi
552 1201 764 1262 Maria
801 1200 1204 1283 Magdalene
1237 1201 1537 1282 prestitit,
1569 1221 1699 1282 que
1724 1201 1915 1262 citius
1949 1202 2246 1276 credidit,
2278 1200 2436 1283 qua²
2457 1202 2754 1264 Thomas

353 1288 465 1369 qui
516 1289 630 1350 diu
685 1288 1031 1351 dubitauit.
1125 1287 1245 1351 Ille
1298 1289 1543 1350 etenim
1599 1287 1969 1350 dubitando
2022 1288 2367 1350 vulnerum
2419 1290 2756 1351 cicatrices

349 1376 569 1456 tetigit
618 1385 683 1438 et
734 1377 819 1437 de
869 1385 1096 1438 nostro
1146 1384 1409 1456 pectore
1459 1375 1819 1437 dubietatis
1872 1374 2108 1437 vulnus
2154 1376 2547 1458 amputauit.
2639 1376 2752 1437 Ad

352 1461 1480 1544 insinuandum3quoqueveritatem
1506 1462 1840 1523 dominice
1864 1462 2752 1538 resurrectioni5,notandum

351 1549 569 1612 nobis4
621 1551 800 1631 quod
860 1550 1077 1611 Lucas
1126 1549 1318 1611 refert
1368 1550 1613 1612 dicens,
1705 1548 2129 1612 Conuescens
2177 1551 2467 1632 precepit
2519 1551 2614 1613 eis
2669 1552 2754 1612 ab

356 1636 842 1716 Hierosolymis
898 1656 979 1698 ne
1033 1635 1464 1708 discederent,
1520 1647 1586 1699 et
1641 1645 1794 1717 post
1844 1656 2072 1718 pauca.
2165 1635 2569 1700 Videntibus
2627 1638 2752 1700 illis

346 1723 645 1785 eleuatus
695 1733 925 1785 estzet
980 1724 1188 1785 nubes
1241 1724 1529 1804 suscepit
1581 1743 1734 1785 eum
1769 1723 1855 1785 ab
1908 1723 2115 1785 oculis
2163 1744 2409 1786 eorum.
2505 1725 2755 1787 Notate

349 1811 548 1873 verba
579 1809 898 1891 :signate5
948 1809 1745 1889 mysteria:Conuescens
1792 1811 2090 1873 eleuatus
2136 1820 2253 1874 est.
2346 1810 2658 1874 Comedit
2690 1821 2756 1874 et

347 1897 645 1961 ascendit
677 1907 744 1959 vt
779 1897 1083 1960 videlicet
1129 1918 1245 1979 per
1274 1897 1583 1959 effectum
1630 1898 2057 1959 comestionis
2101 1899 2342 1961 veritas
2392 1908 2757 1979 patesceret

346 1984 580 2046 carniS.
676 1985 942 2047 Marcus
973 2005 1129 2046 vero
1175 1985 1556 2065 priusquam
1604 1983 1782 2046 celos
1828 1985 2138 2046 dominus
2183 1985 2569 2047 ascenderet
2602 2005 2753 2048 eum

346 2072 429 2135 de
461 2071 678 2134 cordis
710 2082 913 2154 atque
960 2070 1370 2134 infidelitatis
1403 2070 1645 2133 duritia
1699 2072 2072 2154 increpasse
2125 2072 2483 2154 discipulos
2548 2093 2756 2135 mem-

346 2176 510 2234 orat,
569 2156 751 2241 6Qua
800 2161 865 2222 in
926 2157 1018 2220 re⁶
1071 2159 1230 2240 quid
1285 2157 1863 2239 consyderandum
1915 2169 2034 2235 est,
2088 2160 2208 2221 nisi
2273 2159 2453 2241 quod
2511 2159 2755 2222 idcirco

345 2247 657 2309 dominus
689 2256 846 2310 tunc
881 2246 1238 2328 discipulos
1271 2246 1657 2327 increpauit,
1688 2265 1838 2307 cum
1887 2247 2314 2328 corporaliter
2360 2246 2625 2328 reliquit
2651 2257 2754 2310 :vt

347 2334 545 2396 verba
637 2355 766 2416 que
865 2334 1178 2396 recedens
1261 2331 1509 2395 diceret
1589 2333 1655 2393 in
1736 2332 1935 2395 corde
2010 2335 2423 2396 audientium
2515 2332 2755 2397 acrius7

348 2421 670 2503 impressa
702 2431 1137 2484 remanerent.
1233 2419 1583 2501 Increpata
1630 2419 1830 2500 igitur
1875 2441 2103 2481 eorum
2137 2422 2396 2496 duritia,
2428 2424 2587 2502 quid
2637 2423 2754 2483 ad-

347 2507 683 2570 monendo
765 2508 942 2570 dicat
1004 2507 1370 2570 audiamus,
1509 2507 1782 2568 Eundes
1846 2507 1911 2568 in
1975 2508 2297 2569 mundum
2373 2509 2752 2570 vniuersum

349 2596 683 2677 predicate
743 2594 1166 2677 euangelium
1229 2593 1412 2656 omni
1492 2604 1806 2656 creature.
1930 2594 2251 2675 Nunquid
2332 2594 2561 2657 fratres
2625 2595 2751 2658 mei

345 2693 649 2745 sanctum
698 2683 1120 2765 euangelium
1152 2682 1253 2744 vel
1304 2682 1653 2744 insensatis
1702 2680 1893 2743 rebus
1941 2682 2072 2743 vel3
2101 2681 2308 2744 brutis
2355 2683 2754 2746 animalibus

350 2770 560 2832 fuerat
632 2770 1127 2852 predicandum,
1176 2778 1248 2831 vt
1317 2771 1401 2831 de
1449 2789 1530 2831 eo
1584 2768 1975 2850 discipulus⁹
2026 2770 2284 2831 dicatur
2352 2792 2363 2829 :
2422 2769 2756 2852 predicate

347 2856 766 2939 euangelium
800 2858 980 2918 omni
1003 2867 1300 2919 creature
1324 2862 1351 2918 ?
1442 2855 1820 2932 Sedomnis
1846 2865 2140 2918 creature
2167 2856 2435 2918 nomine
2456 2858 2756 2937 signatur

348 2944 573 3006 homo,

1319 3087 1385 3156 ΙΙ
1419 3081 1477 3143 A
1488 3082 1541 3143 d
1561 3081 1799 3144 laudes,

476 3194 871 3274 Antzplzona.
962 3194 1105 3256 Viri
1154 3194 1371 3275 galilei
1421 3194 1579 3275 quid
1633 3193 1927 3274 aspicitis
1979 3193 2043 3254 in
2098 3192 2366 3255 celum?
2412 3193 2517 3255 hic
2570 3194 2754 3256 Iesus

345 3282 456 3362 qui
492 3290 874 3363 assumptus
909 3292 1007 3343 est
1039 3303 1077 3343 a
1109 3281 1297 3343 vobis
1330 3282 1391 3341 in
1426 3280 1640 3343 celum
1674 3304 1686 3342 :
1733 3281 1827 3342 sic
1859 3280 2079 3342 veniet
2118 3280 2471 3343 Halleluia.

480 3368 721 3432 Oratio,
814 3368 1126 3432 Concede
1149 3388 1508 3448 quesumus
1539 3365 1716 3430 ete.¹⁰

1255 3511 1321 3580 ΙΙ
1354 3506 1476 3567 Ad
1499 3516 1804 3586 vesperas.

476 3617 805 3697 Hymnus,
903 3617 1052 3680 Iesu
1076 3628 1301 3681 nostra
1327 3618 1698 3698 redemptio
1729 3615 1887 3679 etc.¹⁰

479 3704 873 3785 Antzplzona.
966 3704 1028 3768 O
1064 3725 1181 3766 rex
1216 3705 1422 3785 glorie
1456 3704 1723 3766 domine
1769 3705 2088 3767 virtutum
2140 3704 2253 3785 qui
2310 3705 2757 3787 triumphator

347 3791 544 3853 hodie
577 3812 775 3873 super
805 3812 1040 3854 omnes
1071 3793 1247 3854 celos
1281 3791 1660 3866 ascendisti,
1681 3811 1763 3853 ne
1790 3790 2212 3872 derelinquas
2247 3812 2368 3853 nos
2401 3793 2752 3873 orphanos

347 3880 462 3940 sed
499 3879 687 3942 mitte
720 3880 1120 3960 promissum
1156 3879 1362 3960 patris
1396 3879 1458 3940 in
1496 3899 1616 3941 nos
1650 3879 1954 3959 spiritum
1989 3879 2302 3941 veritatis
2400 3878 2754 3943 Halleluia.

472 3971 537 4041 (1
572 3966 956 4028 Notandum
1000 3966 1174 4047 quod
1212 3965 1691 4037 inuitatorium‚
1725 3964 1967 4045 hymni,
2011 3964 2354 4045 antiphone
2378 3989 2401 4028 .·
2447 3976 2509 4027 et
2551 3967 2757 4028 oratio

344 4052 541 4114 leuius
599 4053 735 4115 diei
788 4054 1099 4116 dicuntur
1170 4053 1238 4114 in
1299 4052 1593 4113 omnibus
1666 4051 1886 4113 diebus
1959 4072 2154 4133 vsque
2211 4052 2308 4113 ad
2344 4063 2774 4133 pentecosten..

341 4140 600 4221 quando
632 4161 755 4202 non
789 4140 1063 4203 occurrit
1074 4142 1327 4220 festum
1360 4139 1603 4218 duplex.

442 4318 463 4349 ¹
494 4337 585 4369 om.
617 4319 693 4383 38.
1644 4317 1668 4349 ²
1701 4336 1847 4384 quam
1873 4337 1885 4367 ι
1924 4318 2000 4382 38.
2030 4329 2124 4369 etc.

441 4383 461 4413 ³
495 4385 874 4435 insinuandam:
912 4399 988 4449 39.
1014 4395 1105 4434 etc.
1645 4382 1667 4413 ⁴
1700 4396 1806 4434 est:
1843 4386 1954 4433 add.
1984 4384 2015 4433 6
2018 4398 2061 4447 3.

439 4448 459 4478 ⁸
493 4452 720 4514 signare:
756 4466 834 4511 44.
1281 4447 1389 4486 ⁶—⁶
1421 4450 1584 4513 Quare
1616 4450 1751 4499 iure:
1790 4462 1867 4513 39.
2147 4448 2166 4480 ⁷
2199 4450 2414 4499 arctius:
2452 4463 2528 4513 39.
2558 4462 2652 4501 etc.

440 4513 463 4544 ⁸
496 4527 582 4564 vt:
619 4528 698 4578 43.
1290 4513 1313 4544 ⁹
1344 4515 1632 4579 discipulis:
1672 4528 1748 4578 39.
1778 4526 1872 4564 etc.
2141 4512 2181 4543 ¹⁰
2213 4523 2268 4562 vt
2289 4524 2478 4577 supra:
2517 4529 2592 4579 39.
2624 4531 2703 4577 41.
