3293 5225
510 431 600 468 1¹2
821 420 1053 467 FERIA
1114 418 1211 467 IV.
1280 418 1725 467 DOMINJCAE
1779 419 1875 467 IV.
1943 419 2612 480 QUADRAGESIMAE.
2674 409 2681 416 ⁸

503 572 903 635 admiratio?
1027 571 1204 654 Quia
1280 572 1468 633 multi
1538 582 1864 634 nouerant
1916 572 2025 634 vbi
2088 582 2298 643 natuS.
2350 572 2919 653 quemadmodum

498 657 715 722 suerit¹
792 659 1158 722 educatus:
1236 678 1576 739 nunquam
1655 679 1805 721 eum
1863 659 2165 722 viderant
2239 660 2603 722 discentem
2682 661 2920 723 literas,

497 746 887 809 Audiebant
946 757 1170 809 autem
1234 766 1384 808 eum
1441 745 1525 808 de
1587 746 1733 828 lege
1794 746 2244 828 disputantem
2309 747 2473 827 legis
2534 748 2916 810 testimonia

497 832 938 915 proferentem
1003 853 1132 914 que
1193 852 1392 894 nemo
1454 842 1715 915 poterat
1790 833 2080 915 proferre
2142 835 2264 896 nisi
2327 834 2639 915 legisset:
2716 854 2916 896 nemo

498 921 733 1003 legere,
796 921 918 983 nisi
983 920 1203 982 literas
1263 919 1618 984 didicisset.
1740 920 1829 981 Et
1893 920 2042 982 ideo
2112 921 2539 984 mirabantur.
2662 922 2911 984 Eorum

444 1049 447 1052 »
495 1017 719 1070 autem
771 1007 1141 1080 admirati0‚
1177 1007 1495 1088 magistra
1529 1005 1704 1069 sacta
1735 1016 1834 1069 est
1879 1007 2272 1069 insinuande
2319 1007 2590 1070 alterius
2619 1009 2918 1071 veritatis

494 1096 770 1157 occasio,
867 1094 976 1157 Ex
1009 1114 1236 1156 eorum
1272 1095 1519 1176 quippe
1562 1094 2003 1156 admiratione
2034 1104 2102 1155 et
2131 1094 2364 1168 verbi5‚
2397 1094 2572 1157 dixit
2603 1095 2917 1158 dominus

495 1181 744 1262 aliquid
822 1181 1221 1264 profundum
1297 1191 1365 1242 et
1439 1180 1823 1262 diligentius
1894 1182 2124 1264 inspici
2187 1190 2254 1242 et
2317 1182 2555 1244 discuti
2615 1182 2916 1263 dignum.

503 1270 780 1352 Propter
810 1266 1002 1349 quot2
1034 1270 1360 1330 intentam
1397 1266 1567 1330 facio
1617 1267 2008 1331 charitatem
2042 1279 2331 1331 vestram
2363 1292 2375 1330 ε
2411 1289 2543 1332 non
2579 1269 2794 1331 solum
2828 1270 2915 1331 ad

492 1355 898 1418 audiendum
944 1375 1062 1438 pro
1093 1355 1300 1428 vobi5‚
1344 1355 1462 1416 sed
1508 1355 1709 1417 etiam
1758 1355 1841 1416 ad
1892 1355 2215 1418 orandum
2265 1375 2385 1437 pro
2432 1357 2641 1419 nobis.
2733 1355 2914 1438 Quid

493 1462 654 1524 ergo
686 1442 996 1505 dominus
1029 1441 1368 1524 respondit
1399 1442 1493 1504 eis
1533 1441 2034 1516 admirantibus,
2066 1442 2406 1523 quomodo
2453 1444 2647 1506 sciret
2692 1442 2915 1506 literas

494 1550 660 1611 quas
691 1550 825 1592 non
858 1529 1230 1592 didicerat?
1310 1528 1465 1591 Mea
1496 1527 1799 1590 doctrina
1831 1530 2106 1610 (inquit)
2138 1549 2267 1591 non
2304 1538 2405 1592 est
2440 1550 2603 1605 mea,
2624 1531 2740 1592 sed
2772 1531 2915 1592 eius

494 1617 607 1698 qui
642 1617 820 1679 misit
852 1637 973 1678 me.
1072 1616 1218 1678 Hec
1250 1626 1351 1677 est
1397 1617 1573 1678 enim
1624 1615 2039 1697 profunditas
2087 1618 2316 1699 prima.
2407 1616 2688 1679 Videtur
2734 1618 2912 1679 enim

492 1705 722 1785 paucis
780 1704 1014 1774 verbis
1078 1704 1267 1784 quasi
1330 1704 1660 1765 contraria
1721 1703 1996 1766 locutus,
2120 1703 2273 1765 Non
2342 1705 2519 1766 enim
2582 1705 2708 1766 ait:
2790 1705 2914 1766 ista

493 1790 797 1853 doctrina
830 1811 960 1853 non
996 1802 1097 1853 est
1133 1810 1296 1853 mea.
1389 1789 1521 1853 Sed
1557 1809 1708 1851 mea
1739 1790 2041 1853 doctrina
2073 1810 2203 1852 non
2254 1799 2355 1852 est
2402 1810 2567 1855 mea.
2660 1790 2731 1855 Si
2781 1811 2911 1852 non

494 1887 609 1940 tua
639 1878 981 1959 quomodo
1015 1878 1173 1940 tua?
1267 1876 1337 1940 Si
1371 1885 1596 1939 autem
1630 1886 1762 1948 tua.
1793 1877 2133 1957 quomodo
2166 1897 2297 1939 non
2334 1883 2496 1939 tua?
2585 1876 2691 1939 Tu
2734 1879 2911 1940 enirn

492 1965 657 2028 dicis
687 1974 1015 2045 vtrunque
1045 1975 1112 2027 et
1147 1984 1295 2026 mea
1339 1964 1642 2026 doctrina
1688 1972 1756 2025 et
1802 1984 1933 2026 non
1985 1984 2170 2026 mea:
2264 1964 2440 2026 Nam
2488 1965 2542 2026 si
2589 1962 2919 2039 dixisses,³

494 2053 619 2115 ista
651 2052 955 2115 doctrina
985 2071 1116 2113 non
1151 2062 1251 2113 est
1285 2071 1433 2113 mea
1466 2051 1646 2113 nulla
1677 2061 1851 2114 esset
1882 2051 2188 2132 questio,4

1584 2187 1829 2252 Oratio.

497 2302 775 2433 SAcre
829 2303 1020 2365 nobis
1069 2321 1429 2383 quesumus
1482 2300 1754 2363 domine
1814 2300 2298 2363 obseruationis
2361 2302 2603 2364 ieiunia
2674 2310 2739 2363 et
2808 2303 2914 2383 pie

625 2390 1149 2452 conuersationis
1197 2397 1652 2468 augmentum,
1701 2398 1768 2451 et
1812 2398 1924 2451 tue
1975 2389 2463 2471 propitiationis
2524 2389 2911 2452 continuum

493 2485 787 2560 prestent
824 2476 1168 2539 auxilium.
1263 2475 1402 2538 Per.

1034 2619 1101 2689 11
1134 2611 1335 2674 Feria
1366 2634 1507 2693 any.
1537 2633 1617 2674 ex
1651 2610 1922 2675 Genesz‘.⁵
2013 2611 2230 2676 Lectio
2258 2614 2319 2695 j.

506 2726 922 2876 NEicdum
1015 2726 1187 2787 intra
1261 2745 1332 2786 se
1406 2723 1606 2787 verba
1698 2724 2152 2807 compleuerat
2390 2725 2763 2809 Respondit
2838 2727 2914 2789 ei.

749 2833 1010 2894 oquere.

1083 2954 1150 3024 11
1184 2947 1297 3010 Ex
1323 2947 1621 3029 Epistola
1652 2945 1910 3011 Iacobi.⁶
1997 2947 2210 3010 Lectio
2240 2948 2325 3029 .ij.

640 3063 991 3142 Vicunque
1021 3069 1245 3122 autem
1301 3069 1512 3122 totam
1564 3059 1780 3141 legem
1837 3060 2214 3135 seruauerit,
2244 3058 2543 3123 offendat
2589 3070 2812 3123 autern
2849 3062 2912 3124 in

670 3169 804 3212 vno
953 3146 1116 3211 fides
1147 3148 1288 3209 sine
1318 3147 1629 3228 operibus
1662 3156 1924 3209 mortua
1954 3156 2070 3210 est.

1056 3291 1123 3361 (1
1167 3283 1392 3347 Tertia
1422 3284 1597 3347 lectio
1626 3283 1972 3345 secundum
2004 3282 2358 3347 Ioannem.⁷

579 3400 638 3461 N
687 3399 798 3461 illo
858 3408 1201 3480 tempore:
1281 3397 1651 3459 Preteriens
1719 3397 1921 3473 IesuS,
1975 3396 2142 3459 vidit
2195 3396 2533 3461 hominem
2590 3418 2816 3461 cecum
2873 3417 2914 3460 a

607 3487 975 3549 natiuitate.
1070 3484 1159 3546 Et
1192 3483 1459 3564 reliqua.

1038 3623 1114 3685 H
1109 3620 1383 3704 omelia†
1410 3622 1624 3684 sancti
1651 3622 1709 3682 A
1723 3623 2024 3703 agustini
2047 3622 2359 3706 Episcopi.

637 3737 849 3800 Xiens
886 3736 1072 3798 lesus
1103 3734 1268 3797 vidit
1314 3734 1654 3797 hominem
1689 3755 1933 3804 cecum.
1970 3755 2102 3797 non
2135 3745 2470 3817 vtcunque
2515 3756 2764 3812 cecum,
2795 3736 2910 3799 sed

665 3846 704 3886 a
783 3824 1148 3886 natiuitate.
1268 3821 1392 3903 (Et
1472 3822 2044 3904 interrogauerunt
2122 3843 2274 3885 eum
2367 3823 2668 3906 discipuli
2753 3825 2911 3900 eiuS,

498 3911 799 3992 Rabbi?)
891 3909 1090 3974 Scitis
1141 3910 1295 3990 quia
1362 3908 1580 3970 Rabbi
1637 3910 1954 3990 magister
2014 3920 2127 3973 est.
2224 3911 2621 3992 Magistrum
2683 3911 2908 3993 appel-

495 3999 743 4073 labant,
830 3998 985 4078 quia
1090 3994 1454 4059 discederes*
1534 3995 2001 4060 disiderabant.
2123 3995 2559 4079 Questionem
2664 3999 2911 4080 quippe

495 4086 769 4149 domino
825 4093 1309 4166 proposuerunt
1357 4091 1677 4163 tanquam
1728 4084 2046 4165 magistro
2077 4083 2279 4165 (Quis
2309 4085 2628 4167 peccauit,
2659 4084 2763 4147 hic
2795 4093 2911 4147 aut

591 4227 607 4258 ¹
644 4228 798 4277 suerat
823 4245 835 4275 ε
873 4227 950 4275 60.
981 4226 1059 4275 61.
1088 4226 1166 4289 63.
1197 4225 1274 4286 64.
1305 4225 1383 4274 66.
1800 4223 1823 4255 ²
1855 4226 2026 4302 quod:
2063 4238 2141 4290 39.
2171 4228 2282 4275 and
2299 4244 2453 4289 many
2472 4229 2575 4277 edd.

589 4291 610 4323 ³
642 4293 879 4342 dixisset:
918 4304 994 4354 39.
1026 4301 1118 4340 etc.
1800 4288 1821 4319 ⁴
1858 4292 2110 4340 Miserere.
2143 4304 2218 4356 50.
2247 4294 2358 4342 add.
2389 4293 2467 4356 63.

589 4358 610 4388 ὅ
642 4360 793 4418 [xxiv.
828 4357 1028 4420 15-33.]
1798 4352 1820 4384 ⁶
1852 4356 1924 4416 [ii.
1959 4357 2158 4418 10—26.]

587 4424 607 4455 ⁷
642 4425 765 4488 Cap.
791 4442 803 4474 :
839 4424 957 4470 thus
980 4424 1038 4470 in
1062 4438 1126 4471 m.
1200 4421 1326 4486 Cap.
1364 4434 1421 4469 12
1445 4439 1457 4469 :
1496 4421 1616 4470 thus
1639 4420 1718 4484 38.
1793 4421 1917 4487 Cap.
1948 4422 2011 4471 ix.
2037 4441 2049 4471 ε
2087 4434 2165 4484 39.

590 4488 611 4520 ⁸
652 4490 792 4538 Thus
812 4490 915 4537 also
937 4486 999 4551 38
1022 4505 1034 4536 ε
1070 4487 1258 4536 discere
1282 4504 1294 4535 ε
1332 4499 1409 4549 39.
1438 4497 1531 4537 etc.
