3293 5225
1210 456 1317 504 RE
1323 456 1368 506 G
1375 456 1518 507 ULA
1525 457 1576 505 E
1635 456 1942 506 GENERA
1951 457 2103 505 LES.
2770 455 2872 505 lxix

1385 743 1953 808 VNDECIMA}

1258 923 1325 992 ΙΙ
1376 917 1481 980 De
1511 937 1692 979 anno
1725 916 2069 979 bissextili.

586 1078 654 1148 (1
704 1072 1084 1134 Notandum
1130 1073 1307 1152 quod
1359 1093 1428 1133 tn
1475 1093 1648 1134 anno
1695 1072 2014 1135 basextzfflz
2053 1072 2454 1134 Februarius
2497 1072 2688 1135 ltabet
2732 1073 2873 1134 dies

449 1159 705 1241 vzjgi‘ntz
768 1181 1009 1235 nouem,
1075 1170 1138 1221 et
1203 1171 1354 1222 tunc
1398 1160 1648 1238 festum
1726 1160 1940 1222 sancti
1998 1158 2289 1221 Matleei2
2360 1181 2484 1221 non
2553 1159 2870 1241 vigesima

406 1303 411 1307 .
448 1257 713 1328 quarta,
742 1247 863 1309 sea'
885 1247 1199 1328 vigesima
1227 1246 1458 1327 quinta
1489 1245 1594 1308 die
1620 1246 2065 1309 celebrandum
2097 1257 2205 1323 est,
2237 1247 2376 1309 ideo
2407 1257 2558 1309 tunc
2587 1257 2724 1308 tam
2767 1245 2873 1308 a'ie

450 1333 776 1415 vigesima
833 1343 1089 1415 quarta,
1162 1355 1359 1415 quam
1420 1333 1525 1395 die
1575 1355 1642 1395 vt
1636 1334 2073 1415 g'esimasexta
2138 1333 2381 1414 legytur
2436 1334 2631 1395 tertia
2693 1333 2870 1396 lectio

443 1420 794 1502 assignata
855 1421 925 1482 in
992 1421 1359 1483 calendario
1419 1420 1557 1483 diei
1625 1421 1933 1502 vigesime
1989 1419 2254 1501 quissnte
2371 1420 2703 1483 Similiter
2765 1420 2870 1482 die

448 1507 773 1589 vigesima
801 1508 1072 1589 septima
1104 1508 1346 1589 legi-tm
1375 1508 1567 1570 tertia
1597 1508 1775 1570 lectio
1805 1508 2145 1589 assignata
2175 1508 2313 1570 a'iei
2336 1508 2642 1589 vigesime
2684 1518 2867 1570 sexte

448 1594 587 1656 Die
615 1605 829 1656 autem
862 1595 1177 1677 vigesima
1205 1604 1432 1657 octaua
1444 1594 1541 1675 fit
1567 1594 1844 1676 officium
1876 1596 1953 1657 de
1981 1595 2225 1657 sanctis
2251 1594 2514 1657 Iuliano
2555 1605 2618 1656 et
2658 1595 2868 1670 Eune,

445 1691 517 1743 et
544 1680 649 1743 die
699 1682 1015 1763 vigesima
1057 1704 1243 1758 nona,
1274 1682 1517 1762 legitur
1562 1683 1756 1744 tertia
1803 1682 1980 1744 lectio
2031 1682 2371 1763 assignata
2401 1682 2538 1744 diei
2563 1682 2869 1762 vigesime

444 1779 684 1831 octaue.
778 1768 1171 1850 Supraa'icta
1224 1790 1370 1831 vero
1417 1769 1836 1851 intelligenda
1877 1779 2048 1845 sunt,
2095 1790 2294 1850 quum
2324 1769 2421 1850 fit
2463 1767 2739 1850 officium
2792 1769 2872 1830 a'e

427 1855 627 1935 seria
671 1866 822 1917 ante
870 1856 1458 1937 quadragesimam,
1489 1856 1673 1917 Nam
1722 1857 1789 1918 si
1835 1856 1905 1918 in
1935 1857 2152 1937 aliquo
2195 1877 2276 1918 ex
2307 1856 2620 1936 predictis
2649 1855 2871 1918 diebus

446 1942 757 2004 inciderit
804 1943 1143 2015 dominica,
1176 1944 1281 2005 vel
1325 1942 1663 2005 sabbatum
1708 1953 1830 2005 aut
1854 1943 1922 2006 si
1946 1943 2170 2024 fecerit
2216 1943 2735 2025 quadragesima,
2768 1943 2875 2005 vel

445 2030 519 2091 si
528 2031 782 2110 festum
812 2030 1027 2092 sancti
1052 2030 1143 2091 M
1139 2029 1318 2091 atltie
1345 2030 1570 2110 suerit
1599 2032 2143 2110 transferendum,
2177 2041 2328 2092 tunc
2354 2030 2671 2092 seruande
2712 2039 2870 2091 sunt
2913 2076 2916 2085 .

444 2116 581 2178 alie
630 2117 843 2198 regule
890 2129 1082 2198 super
1107 2116 1214 2178 leis
1245 2117 1497 2180 tradite.
1594 2115 1790 2193 Quod
1810 2127 2026 2179 autem
2056 2117 2292 2180 attinet
2317 2117 2731 2196 adpsalmos,
2761 2138 2870 2178 nec

445 2225 578 2265 non
608 2205 705 2267 aa'
731 2204 1024 2284 primam
1073 2214 1136 2266 et
1179 2205 1521 2266 secundam
1571 2204 1896 2266 lectionem
1943 2204 2121 2266 nihil
2165 2206 2368 2285 refert
2410 2204 2504 2265 sit
2548 2225 2625 2266 ne
2652 2225 2869 2265 annus

443 2290 817 2367 bissextiles,
865 2313 952 2353 an
1015 2312 1157 2366 non,
1211 2312 1364 2352 nam
1427 2302 1676 2371 semper
1731 2291 2053 2353 dominica
2112 2291 2303 2353 habet
2360 2312 2509 2353 suos
2560 2291 2867 2372 psalrnOS,

427 2377 626 2456 seria
671 2377 977 2440 secunda*
1030 2398 1195 2454 sum,
1240 2378 1461 2439 Tertia
1500 2399 1665 2454 sum,
1695 2388 1760 2440 et
1785 2378 1875 2440 sic
1906 2379 1982 2440 de
2010 2378 2180 2458 alijs,
2212 2389 2274 2440 et
2299 2378 2609 2440 similiter
2635 2377 2870 2440 habent

432 2465 732 2546 primam
763 2475 827 2526 et
851 2465 1196 2528 secundam
1230 2464 1569 2527 lectz'cmem.

544 2679 549 2684 ,
581 2615 648 2685 ΙΙ
695 2595 987 2692 Quando
1035 2611 1498 2672 recurrendum
1556 2611 1640 2672 sit
1673 2609 1758 2672 ad
1792 2630 2145 2673 commune
2178 2609 2436 2673 videbis
2469 2610 2763 2692 regulam
2799 2610 2865 2672 in

448 2698 777 2779 principio
809 2699 1184 2760 communis
1214 2706 1614 2760 sanctorum.

581 2849 643 2919 (Ι
695 2843 1056 2925 Quomodo
1090 2844 1225 2906 fieri
1258 2843 1500 2906 debeat
1531 2843 1823 2906 officium
1859 2845 1923 2906 in
1958 2844 2253 2907 sabbatis
2283 2845 2434 2907 vide
2467 2844 2763 2927 regulam
2798 2846 2863 2907 in

440 2931 832 2994 commune⁵
865 2932 1057 2994 beate
1090 2930 1412 3012 Virginis⁰
1444 2932 1614 2993 circa
1649 2931 1846 2993 finem
1885 2931 2220 3012 Breuiarij.

579 3081 646 3150 (Ι
694 3074 987 3156 Quando
1035 3075 1391 3139 dicendum
1457 3077 1540 3139 sit
1586 3075 1876 3139 officium
1941 3076 2423 3154 defunctorum,
2467 3086 2533 3139 et
2594 3080 2866 3159 quando

440 3163 651 3225 etiam
708 3163 970 3224 dicendi
1033 3164 1166 3225 sint
1232 3173 1490 3244 septem
1558 3163 1816 3245 psalmi,
1869 3163 2123 3226 videbis
2187 3164 2444 3246 regulas
2505 3165 2571 3226 in
2634 3186 2861 3228 eorum

440 3247 787 3332 principijs
820 3251 884 3310 in
919 3248 1049 3311 fine
1083 3249 1418 3331 Breuiarij.

1355 3531 1422 3600 (Ι
1471 3525 1576 3588 De
1608 3526 1948 3590 Aduentu.

575 3668 642 3737 ΙΙ
711 3663 1094 3725 Notandum
1170 3663 1346 3743 quod
1412 3664 1472 3724 A
1483 3665 1761 3726 duentus
1834 3663 2091 3726 domini
2157 3674 2407 3744 semper
2481 3664 2794 3727 celebrata
2802 3662 2858 3724 r7

435 3750 799 3832 ‘ubicunque
845 3750 1166 3812 dominica
1220 3750 1525 3813 inciderit
1571 3752 1745 3813 inter
1769 3749 2095 3832 ”quintum
2142 3750 2443 3813 calendas
2488 3751 2864 3813 Decembris

432 3849 504 3900 et
580 3837 844 3898 tertium
926 3837 1153 3900 nonas⁸
1211 3837 1493 3899 eiusdem
1579 3837 1861 3914 mensis?
1919 3848 1982 3899 et
2037 3838 2167 3899 erit
2235 3849 2483 3918 semper
2536 3837 2862 3901 dominica

418 3924 741 4007 proxima
755 3925 933 4004 sesto
962 3924 1178 3986 sancti
1203 3926 1263 3986 A
1275 3925 1469 3986 ndree
1502 3924 1558 3987 S
1559 3936 1663 4006 epe
1691 3925 1888 3988 etiam
1920 3925 2162 3986 dictum
2217 3925 2453 3986 festum
2485 3925 2763 3986 occurrit
2791 3928 2857 3987 in

431 4013 582 4094 ipsa
612 4011 831 4073 eadem
862 4011 1201 4074 dominica.

531 4265 555 4360 ἑ
592 4266 793 4379 Regulz
807 4283 821 4314 z
856 4266 968 4314 add.
994 4277 1073 4327 43.
1102 4264 1180 4314 60.
1211 4264 1290 4313 61.
1319 4264 1399 4327 63.
1429 4263 1506 4326 64.
1537 4263 1615 4313 66.
1715 4351 1721 4356 ι
1796 4261 1823 4359 ²:
1862 4265 1910 4312 T
1903 4264 2005 4378 hfeg
2021 4282 2033 4312 ι
2073 4263 2298 4313 Mathiae
2324 4266 2380 4313 in
2403 4263 2543 4312 other
2560 4263 2786 4312 editz'ons.

530 4396 554 4426 ⁸
586 4346 1819 4458 'of-fxiax‘nu1‘ii49ae100
1854 4345 2053 4444 ici-iri&
2089 4407 2166 4455 39.
2195 4407 2275 4454 41.

528 4461 553 4494 ⁷
589 4461 803 4537 incipit:
842 4474 920 4524 39.
948 4473 1029 4520 41.
1798 4458 1819 4489 ⁸
1854 4461 2104 4510 Nouemb.
2134 4478 2146 4509 ε
2183 4459 2262 4510 61.

525 4526 553 4558 ⁹
588 4524 643 4564 -0
672 4526 805 4577 xxvi.
836 4527 1138 4576 Nouembris
1161 4535 1209 4576 et
1234 4526 1342 4576 .iiii.
1373 4525 1700 4576 Decembris:
1738 4537 1816 4588 39.
1844 4539 1924 4587 41·
