3293 5225
585 422 681 486 362
1357 425 1412 474 S.
1450 424 1959 474 MELCHIADES
1987 425 2201 474 PAPA.
2725 423 2907 483 [DEC-
2946 433 3023 470 ιο.

719 577 1154 659 Augustinus.
1317 577 1382 643 Ο
1459 586 1673 641 mater
1744 576 1998 640 domini
2074 577 2242 640 sicut
2316 577 2382 640 in
2460 577 2678 660 prima
2757 573 3025 638 semina

589 663 959 727 abundauit
987 664 1344 728 delictum:
1391 666 1482 728 ita
1508 673 1578 728 et
1609 665 1675 727 in
1708 673 1775 728 te
1806 664 2372 747 superabundauit
2401 664 2623 727 omnis
2654 661 3025 746 plenitudo

590 751 836 833 gratie:
880 759 949 814 et
979 750 1129 815 ideo
1160 772 1356 835 super
1384 773 1619 815 omnes
1651 753 1881 833 ignara
1910 750 2152 815 delicti.

722 837 923 902 Idem.
1013 837 1319 902 Charitas
1366 838 1614 903 fecisti.
1658 847 1732 901 vt
1783 858 1918 901 non
1968 838 2183 901 solum
2241 838 2457 901 Maria
2488 857 2623 900 non
2657 846 3030 919 peccaret:

593 924 707 988 sed
742 945 862 988 nec
877 935 1242 1026 ‘peccatum
1291 928 1586 1008 cogitare
1638 926 1895 1008 potuit:
1940 934 2008 989 et
2056 946 2253 1008 super
2302 921 2602 988 cunctos¹
2653 923 3023 986 reseruasti

591 1011 680 1075 ab
708 1013 892 1075 omni
925 1013 1074 1075 labe
1120 1016 1391 1096 peccati.

730 1098 1054 1181 Origenes.
1174 1099 1326 1182 Que
1387 1120 1602 1181 neque
1662 1100 1986 1183 serpentis
2047 1100 2471 1182 persuasione
2532 1097 2838 1180 decepta,
2892 1117 3024 1160 nec

592 1186 734 1248 eius
765 1187 1114 1249 venenosis
1144 1186 1477 1250 afflatibus
1524 1185 1783 1251 insecta.

725 1273 1127 1338 Ambrosius.
1221 1274 1368 1338 Hec
1398 1284 1500 1337 est
1529 1275 1715 1356 virga
1748 1275 1813 1336 in
1847 1293 1979 1354 qua
2011 1294 2133 1336 nec
2179 1272 2418 1336 modus
2447 1271 2792 1354 originalis
2820 1293 2836 1332 ε
2893 1291 3027 1334 nec

593 1368 824 1423 cortex
856 1361 1132 1423 venialis
1160 1361 1354 1444 culpe
1384 1360 1525 1424 fuit.

731 1445 1031 1526 Cyrillus.
1152 1448 1312 1511 Post
1371 1447 1617 1510 filium:
1695 1448 2116 1510 temerarium
2178 1456 2280 1508 est
2342 1447 2407 1509 in
2457 1446 2669 1507 maria
2714 1445 3030 1527 virgine:

596 1554 841 1615 ponere
870 1534 1134 1616 culpam
1169 1535 1499 1615 aliquam:
1541 1535 1645 1597 vel
1681 1544 2045 1616 peccatum.

727 1620 1122 1685 Bernardus.
1197 1621 1371 1685 Caro
1399 1623 1674 1705 virginis
1693 1619 1808 1684 ex⁹
1839 1621 2036 1685 adam
2059 1629 2361 1702 sumpta:
2392 1619 2690 1682 maculas
2720 1619 2853 1683 ade
2882 1639 3026 1681 non

595 1707 880 1771 admisit.

739 1794 1033 1858 Thomas.
1110 1793 1325 1858 Maria
1356 1795 1443 1858 ab
1461 1796 1646 1858 omni
1669 1804 1945 1877 peccato
1966 1794 2270 1877 originali
2291 1803 2358 1857 et
2382 1793 2664 1856 actuali:
2695 1793 3035 1855 immunis

595 1880 735 1944 fuit.

727 1967 1125 2033 Dominicus.
1245 1968 1436 2033 Sicut
1496 1970 1749 2051 primus
1811 1968 2037 2031 Adam
2101 1968 2225 2031 suit
2268 1988 2357 2030 ex
2406 1976 2577 2030 terra
2627 1966 2915 2049 virgine,
2963 1978 3034 2030 et

597 2074 940 2203 gunquam
1004 2056 1358 2119 maledicta
1419 2056 1774 2118 formatus:
1851 2056 1941 2118 ita
2017 2055 2239 2119 decuit
2300 2056 2365 2117 in
2426 2053 2723 2117 secundo
2787 2053 3033 2116 Adam

642 2163 752 2206 eri.

1549 2304 1615 2373 (Ι
1662 2298 1723 2359 Α
1734 2298 1787 2359 α’
1813 2297 2052 2360 laudeS.

729 2409 1129 2489 Anttplzona.
1243 2408 1467 2492 Quam
1522 2409 1797 2492 pulchra
1850 2429 1922 2472 es
1970 2409 2188 2471 amica
2238 2427 2405 2483 mea,
2458 2406 2775 2470 columba
2824 2426 3032 2468 mea:

603 2496 1029 2558 immaculata
1091 2517 1238 2559 mea
1313 2497 1481 2561 odor
1554 2497 2102 2559 vestimentorum
2175 2504 2438 2558 tuorum
2517 2513 2715 2576 super
2789 2495 3034 2556 omnia

599 2593 917 2648 aromata.
962 2582 1293 2648 halleluia.

1509 2718 1575 2787 (Ι
1622 2711 1747 2773 Ad
1788 2722 2094 2793 vesperas.

729 2822 1054 2901 Hymnus.
1131 2824 1283 2887 Aue
1315 2824 1514 2885 maris
1559 2821 1793 2887 stella.³

730 2909 1128 2990 Antzplzona.
1220 2909 1443 2992 Quam
1508 2910 1764 2992 pulchri
1815 2919 1970 2973 sunt
2018 2929 2282 2992 gressus
2331 2910 2427 2971 tui
2478 2907 2613 2970 filia
2663 2907 3036 2990 principis:

600 2996 844 3060 collum
908 3006 1095 3059 tuum
1158 2998 1327 3059 sicut
1374 2998 1568 3059 turris
1627 2996 1961 3060 eburnea:
2022 2996 2194 3059 oculi
2256 2997 2351 3058 tui
2412 2995 2640 3070 diuini,
2699 3004 2768 3058 et
2831 3015 3035 3058 come

601 3083 837 3166 capitis
868 3085 962 3146 tui
995 3085 1166 3146 sicut
1201 3103 1490 3166 purpura
1522 3085 1695 3166 regis
1721 3108 1734 3146 ε
1780 3104 1982 3164 quam
2018 3083 2294 3166 pulchra
2324 3103 2413 3159 eS,
2443 3092 2511 3145 et
2542 3102 2746 3162 quam
2778 3082 3035 3145 decora

599 3171 1001 3234 charissima.
1048 3170 1374 3234 halleluia.

1019 3312 1085 3381 (I
1131 3306 1224 3369 M
1218 3306 1533 3369 elcht'ades
1545 3318 1729 3389 papa
1761 3317 2031 3389 martyr.
2097 3306 2311 3369 Lectio
2343 3306 2580 3370 tertia.⁴

617 3418 1142 3547 MElchiades
1173 3439 1348 3501 papa
1397 3420 1669 3481 natione
1714 3418 1965 3501 Apher,
1999 3417 2353 3499 Maxentij.
2388 3416 2649 3498 Licinij‚
2677 3427 2747 3479 et
2800 3417 3039 3481 Maxi·

828 3507 990 3568 mini
1023 3506 1434 3588 temporibus
1475 3505 1750 3569 ecclesie
1800 3506 2058 3587 prefuit.
2155 3506 2288 3569 Hic
2336 3505 2637 3579 instituit,
2676 3513 2752 3566 vt
2808 3524 3042 3586 neque

603 3593 711 3656 die
764 3593 1119 3667 dominic0,
1152 3612 1368 3673 neque
1417 3594 1653 3674 quinta
1704 3593 1863 3655 seria
1912 3594 2330 3668 ieiunaretur,
2360 3592 2675 3673 quoniam
2711 3590 2840 3653 hos
2886 3592 3043 3655 dies

607 3681 870 3762 pagani,
933 3682 1121 3761 quasi
1216 3699 1437 3741 sacros
1534 3679 1795 3761 ieiunijs
1900 3678 2326 3743 celebrarent.
2460 3677 2679 3741 Multa
2755 3697 3043 3759 quoque

604 3768 950 3829 constituit
979 3766 1066 3829 ad
1100 3766 1474 3829 oblationes
1520 3765 1860 3829 faciendas
1907 3767 2305 3849 pertinentia
2334 3787 2416 3829 eo
2446 3764 2628 3846 quod
2678 3764 3043 3829 Maniche-

605 3874 793 3916 orum
886 3854 1131 3916 heresis
1207 3863 1367 3915 tunc
1446 3854 1745 3916 maxime
1840 3854 1903 3915 in
1997 3853 2158 3916 vrbe
2258 3853 2476 3915 Roma
2554 3852 3043 3917 inualescebat.

608 3940 871 4023 Quibus
902 3941 1183 4023 peractis
1234 3940 1594 4002 Maximini
1637 3941 1814 4003 iussu
1868 3941 2191 4040 martyrio
2238 3949 2593 4002 coronatus
2637 3939 2746 4000 via
2794 3938 3045 4023 Appia

607 4028 936 4110 sepelitur,
985 4029 1046 4090 in
1099 4026 1355 4090 Callisti
1409 4028 1769 4090 cemeterio
1823 4026 1950 4106 .iiij.
2002 4026 2219 4089 idibus
2274 4026 2668 4090 Decembris
2713 4024 2893 4089 Cum
2946 4049 3043 4090 ex

607 4117 806 4177 sacris
866 4113 1232 4177 ordinibus⁵
1279 4114 1483 4177 semel
1532 4114 1777 4176 habitis
1838 4114 2259 4196 presbyteros
2318 4112 2438 4194 ,vij.
2504 4112 2829 4175 diaconos
2893 4134 3048 4191 sex,

605 4203 953 4284 episcopos
983 4200 1117 4283 ,xij.
1148 4210 1449 4264 creasset.
1541 4200 1734 4265 Sedit
1764 4211 1989 4263 autem
2023 4220 2235 4263 annos
2281 4200 2408 4281 ,iiij.
2440 4219 2704 4263 menses
2749 4210 3046 4282 septem,

603 4289 745 4351 dies
777 4307 1037 4352 nouem

704 4427 718 4458 ¹
744 4444 854 4477 eam
878 4447 890 4477 ε
915 4430 1026 4477 add.
1058 4441 1134 4490 39.
1164 4441 1244 4489 41.
1274 4426 1353 4478 60,
1441 4424 1464 4457 ²
1486 4443 1569 4477 es:
1594 4439 1675 4490 43.
1764 4424 1785 4455 ³
1806 4434 1861 4475 vt
1881 4434 2070 4490 supra:
2091 4429 2202 4477 add.
2233 4439 2311 4490 39.
2339 4439 2420 4487 41.
2483 4426 2593 4486 [See
2613 4426 2782 4485 below,
2804 4441 2859 4490 p.
2891 4425 3045 4489 388.]

700 4492 720 4522 ⁴
752 4493 819 4543 di.
854 4506 947 4542 10:
985 4495 1042 4541 in
1068 4510 1132 4542 m.
1445 4491 1463 4522 '⁵
1495 4491 1926 4542 ordinationibus:
1964 4505 2041 4554 39.
2069 4505 2149 4552 41.
