3293 5225
681 473 779 539 388
1360 473 1735 525 OFFICIUM
1759 472 2074 523 BEAYAE
2105 471 2429 521 MARJAE.

1637 681 1707 751 (Ι
1750 674 1965 738 Lectio
2007 671 2145 756 ,2’3‘721

699 789 848 919 M
870 789 1048 852 Issus
1076 798 1177 852 est
1207 787 1484 889 angelus
1529 786 1801 888 Gabriel
1832 806 1873 848 a
1900 786 2032 887 deo
2063 787 2128 849 in
2161 786 2502 849 ciuitatem
2539 783 2841 848 Galilee
2941 835 2957 846 .
3044 835 3057 847 .
3126 832 3140 850 .

895 876 1072 940 Ecce
1102 876 1341 939 ancilla
1372 876 1645 952 dommi,
1678 873 1795 938 fiat
1826 873 1987 936 m1h1
2020 873 2384 936 secundum
2417 871 2720 934 verbum
2756 881 2995 935 tuum.

788 969 884 1088 2⁴1
927 963 1094 1026 Post
1120 963 1381 1025 tertiam
1418 962 1741 1024 lectionem
1785 971 2035 1042 semper
2073 960 2319 1023 dieitur
2359 958 2459 1021 Te
2506 958 2735 1021 deum
2794 959 3142 1023 laudamus

680 1060 786 1114 etc.

1705 1185 1830 1248 Ad
1849 1185 2089 1248 laudes,

816 1297 1212 1380 Antzplzona.
1284 1296 1572 1380 Spiritus
1597 1307 1865 1360 sanctus
1886 1298 1951 1359 in
1973 1306 2040 1359 te
2063 1294 2423 1359 descendet
2450 1295 2724 1359 Maria:
2762 1317 2869 1360 ne
2906 1298 3144 1373 timeus

683 1386 960 1450 habebis
992 1387 1058 1448 in
1091 1393 1279 1448 vtero
1309 1384 1516 1448 filiurn
1551 1384 1683 1447 dei.
1776 1382 2128 1447 Halleluia.

1779 1532 2023 1597 Oratio,

698 1646 993 1775 DEuS,
1025 1646 1138 1728 qui
1170 1646 1254 1710 de
1287 1645 1482 1709 beate
1517 1645 1731 1708 Marie
1763 1645 2036 1725 virginis
2066 1652 2252 1706 vtero
2285 1665 2299 1705 :
2328 1642 2609 1705 verbum
2644 1652 2879 1708 tuum
2921 1646 3144 1728 angelo

862 1735 1210 1796 nuntiante
1242 1752 1508 1796 carnem
1543 1733 1874 1813 suscipere
1905 1730 2169 1794 voluisti
2196 1753 2209 1792 :
2233 1738 2455 1811 presta
2485 1728 2958 1812 supplicibus
2991 1735 3143 1796 tuis:

681 1829 770 1898 vt,
801 1821 914 1903 qui
960 1841 1113 1883 vere
1157 1840 1304 1882 eam
1354 1819 1742 1901 genitricem
1792 1818 1897 1881 dei
1945 1816 2276 1881 credimus
2320 1839 2333 1879 :
2377 1817 2520 1879 eius
2566 1818 2770 1899 apud
2828 1828 2914 1882 te
2966 1822 3140 1883 inter-

681 1907 1089 1971 cessionibus
1120 1906 1515 1970 adiuuemur
1547 1930 1560 1968 :
1595 1926 1728 1989 per.

1508 2041 1570 2103 A
1581 2042 1634 2103 d
1656 2052 1950 2123 vesperas
1978 2039 2273 2121 hymnus.

688 2154 933 2283 AVe
966 2154 1164 2217 maris
1163 2153 1403 2303 a,stella
1439 2153 1566 2215 Dei
1599 2163 1814 2216 mater
1844 2152 2070 2215 alma:
2104 2151 2338 2232 Atque
2374 2171 2640 2233 semper
2674 2153 2925 2236 virgo,
2964 2155 3138 2218 Felix

856 2241 1100 2324 celipo

813 2327 1101 2392 Sumens
1134 2327 1295 2391 illud
1329 2347 1455 2389 aue
1504 2326 1834 2391 Gabrielis
1878 2347 2008 2404 ore,
2042 2325 2282 2389 Funda
2327 2344 2449 2387 nos
2495 2324 2560 2387 in
2610 2345 2821 2407 pace,
2868 2327 3140 2392 Mutans

681 2435 930 2479 nomen
964 2415 1126 2479 Eue.

813 2501 1014 2566 Solue
1074 2502 1289 2565 vincla
1350 2501 1492 2578 reiS‚
1549 2499 1774 2564 Profer
1833 2500 2056 2563 lumen
2107 2500 2317 2563 cecis:
2389 2498 2574 2561 Mala
2628 2511 2897 2565 nostra
2969 2504 3143 2587 pelle,

683 2590 870 2653 Bona
902 2600 1140 2654 cuncta
1172 2607 1387 2672 posce.

815 2677 1119 2741 Monstra
1177 2686 1243 2739 te
1302 2696 1445 2739 esse
1507 2685 1808 2752 matrem,
1859 2674 2098 2739 Sumat
2148 2695 2263 2757 per
2315 2684 2381 2737 te
2432 2694 2708 2756 preces:
2816 2676 2978 2760 Qui
3040 2699 3145 2762 pro

683 2765 873 2827 nobis
903 2774 1116 2840 natuS,
1147 2762 1332 2826 Tulit
1363 2783 1506 2825 esse
1537 2771 1706 2826 tuus,
2084 2810 2087 2813 ψ

811 2851 1024 2934 Virgo
1083 2849 1453 2932 singulariS,
1518 2849 1702 2911 Inter
1775 2869 2009 2912 omnes
2070 2848 2285 2911 mitis:
2375 2849 2518 2910 Nos
2577 2846 2809 2930 culpis
2885 2852 3146 2916 solutos

687 2939 889 3001 Mites
920 2937 1040 3014 sae,
1069 2947 1137 3000 et
1167 2947 1402 3000 castos

814 3024 1040 3088 Vitam
1074 3034 1292 3107 presta
1331 3044 1605 3106 puram:
1658 3023 1793 3087 Iter
1845 3043 2005 3105 para
2054 3031 2315 3085 tutum:
2358 3022 2454 3085 Vt
2501 3020 2826 3085 videntes
2898 3025 3149 3102 Iesum,

682 3132 946 3194 semper
992 3110 1394 3174 colletemur.

816 3198 918 3263 Sit
972 3197 1116 3261 laus
1166 3197 1296 3261 deo
1350 3197 1539 3280 patri,
1591 3216 1857 3259 summo
1920 3195 2183 3261 Christo
2231 3196 2473 3260 decus:
2536 3194 2829 3279 Spiritui
2903 3211 3147 3264 sancto

684 3284 919 3349 tribus³
947 3284 1160 3347 honor
1189 3305 1373 3348 vnus,
1465 3285 1708 3347 Arnen.

811 3371 1213 3454 Antzplzona.
1305 3371 1481 3434 Ecce
1512 3371 1755 3434 ancilla
1785 3370 2059 3446 domini,
2091 3369 2204 3433 fiat
2238 3369 2398 3432 mihi
2430 3369 2807 3433 secundum
2846 3374 3141 3437 verbum

680 3471 888 3524 tuum.

1174 3599 1240 3669 (I
1284 3593 1449 3656 Post
1477 3594 1835 3656 aduentum
1870 3593 2112 3675 reliquo
2141 3593 2310 3655 anni
2334 3603 2622 3675 tempore.

815 3708 942 3771 Ad
993 3706 1410 3770 matutinum.
1520 3703 2013 3772 Inuitatorium.
2110 3704 2263 3769 Aue
2327 3704 2574 3768 Maria4
2623 3707 2855 3787 gratia
2923 3710 3149 3793 plena,

685 3796 995 3860 dominus
1025 3793 1294 3857 tecum*

1734 3930 2060 4010 Hymnus.

694 4044 830 4176 O
881 4042 1187 4108 Gloriosa
1245 4042 1538 4117 domina,
1586 4041 1878 4104 Excelsa
1939 4040 2160 4124 super⁶
2221 4040 2479 4123 sydera,
2541 4040 2681 4124 Qui
2744 4052 2816 4105 te
2882 4046 3140 4108 creauit

882 4130 1192 4214 prouide:
1241 4091 1538 4192 Lactasti
1572 4148 1761 4191 sacro
1790 4129 2005 4192 vbere.

821 4217 1022 4301 Quod
1075 4217 1224 4279 Eua
1271 4217 1477 4279 tristis
1528 4214 1820 4291 abstulit,
1850 4215 1956 4278 Tu
1991 4215 2212 4279 reddis
2251 4216 2432 4280 almo
2461 4215 2810 4299 germine:
2864 4217 3139 4283 Intrent

688 4315 762 4370 vt
791 4314 969 4369 astra
1000 4304 1269 4382 flebiles,
1301 4302 1442 4367 Celi
1475 4302 1764 4366 fenestra
1795 4303 1969 4366 facta
1999 4323 2093 4365 eS.

782 4477 982 4575 isim·
1012 4478 1043 4528 i.
1073 4476 1280 4543 26-38.]
1475 4474 1498 4507 2
1532 4476 1714 4542 [Secu
1745 4476 1885 4541 393·]
2081 4474 2103 4507 ³
2135 4476 2329 4528 trinus:
2365 4489 2442 4540 39
2471 4491 2551 4538 4·
2580 4489 2663 4541 49·
2693 4477 2777 4529 δα
2806 4478 2893 4531 61·
2923 4480 3011 4542 ⁶⁴·

805 4572 868 4584 -
921 4560 1016 4594 om.
1043 4544 1124 4607 63.
1475 4540 1714 4608 ‘xsupra
1751 4554 1829 4605 39.
1858 4554 1937 4604 4¹·
1964 4554 2044 4606 43.
2074 4556 2153 4605 44.
2182 4556 2262 4606 49.
2285 4541 2366 4593 6ο.
2394 4542 2472 4593 61.
