3293 5225
672 424 771 475 330
1437 415 1641 462 EXAL
1656 414 1744 462 TA
1759 414 1881 462 TJO
1913 414 1967 463 S.
2013 414 2293 465 CRUCIS.
2789 412 2987 472 [SEPT.
3036 423 3107 471 14.

1755 614 2025 681 Oratio}

690 728 987 855 DEuS‚
1018 729 1129 810 qui
1180 749 1300 791 nos
1333 729 1654 791 hodierna
1701 731 1809 793 die
1854 728 2286 791 exaltationis
2333 738 2562 791 sancte
2609 729 2827 790 crucis
2874 748 3113 790 annua

885 815 1283 879 solennitate
1332 816 1640 878 letificas:
1676 827 1896 898 presta
1928 837 2325 897 quesumus:
2372 826 2441 878 vt
2475 817 2659 878 cuius
2696 818 3110 896 mysterium

677 904 741 965 in
779 913 948 965 terra
973 906 1430 985 cognouimuS‚
1454 905 1595 966 eius
1628 905 2104 986 redemptionis
2131 904 2383 986 premia
2416 904 2482 964 in
2517 903 2663 965 celo
2698 922 3109 964 mereamur.

676 1010 811 1071 per.

793 1131 858 1200 (Ξ
906 1126 1000 1189 Et
1029 1148 1151 1188 non
1164 1125 1233 1208 fi
1235 1137 1261 1187 t
1289 1128 1798 1190 commemoratio
1828 1127 1906 1188 de
1936 1127 2258 1189 natuz'tate
2288 1124 2597 1208 virgine?
2644 1146 2848 1206 vsquc
2878 1126 2990 1186 ad

1478 1224 1774 1294 vesperas
1802 1214 1939 1275 diei
1962 1215 2253 1277 crastino.

808 1331 873 1400 (ζ
918 1324 1005 1386 ³A
1017 1327 1069 1387 d
1093 1327 1490 1388 matutinum
1539 1326 2016 1388 z’nuitatorium.
2109 1327 2448 1389 Christum
2483 1344 2709 1407 regem
2744 1344 2869 1407 pro
2904 1324 3114 1386 nobis

680 1415 744 1474 in
779 1433 969 1475 cruce
1001 1411 1394 1484 exaltatum,
1427 1414 1646 1475 venite
1691 1414 2058 1477 adoremus

809 1500 1132 1581 Hymnus,
1193 1502 1450 1562 Lustris
1482 1521 1602 1562 sex
1637 1501 1785 1563 Ata*

811 1586 1206 1667 Antzplzona.
1271 1585 1476 1650 Sacra
1507 1609 1672 1650 crux
1706 1586 2084 1650 extollitur:
2116 1588 2303 1669 virga
2337 1589 2516 1671 regia
2551 1587 2830 1667 erigitur
2860 1589 2932 1648 in
2970 1607 3113 1669 qua

675 1674 972 1736 saluator
1003 1675 1454 1755 triumphauit.

1650 1815 1862 1878 Lectio
1895 1816 2107 1879 tertia.

679 1927 946 2058 CUm
1025 1929 1345 1990 extremis
1439 1929 1659 1991 Phoce
1737 1931 2153 2011 imperatoris
2242 1930 2656 2010 temporibus
2734 1928 3113 1992 Cosdroas³

869 2016 1210 2078 Persarum
1279 2036 1395 2077 rex
1461 2015 1716 2097 imperij
1812 2019 2065 2078 romani
2160 2017 2534 2097 prouincias
2611 2017 2978 2078 inuasisset
3043 2029 3111 2079 et

685 2103 1093 2183 lerosolyma
1139 2113 1354 2183 capta,
1403 2103 1762 2184 multisque
1825 2105 1911 2165 ibi
1964 2103 2471 2166 christianorum
2525 2103 2789 2165 milibus
2840 2105 3110 2176 occisis,

677 2204 936 2271 partem
965 2189 1318 2251 Dominice
1341 2190 1571 2253 Crucis
1605 2191 1670 2251 in
1706 2190 2011 2253 Caluarie
2045 2191 2190 2252 loco
2222 2190 2308 2252 ab
2344 2190 2609 2253 Helena
2640 2193 3113 2266 constitutam,

682 2278 744 2338 in
829 2277 1163 2338 Persidem
1255 2278 1721 2340 transtulisset.
1858 2277 2168 2360 Egyptus
2260 2277 2503 2340 deinde
2580 2288 2782 2358 atque
2864 2277 3109 2339 Africa

683 2364 1027 2427 Persarum
1092 2365 1291 2425 armis
1368 2365 1735 2426 cessissent.
1876 2365 2226 2427 Heraclius
2301 2366 2413 2445 qui
2495 2365 2714 2426 Phoce
2774 2367 3110 2427 successit

681 2452 942 2533 magnis
974 2450 1251 2513 affectus
1282 2449 1582 2513 cladibus
1630 2471 1861 2532 pacem
1913 2473 1951 2513 a
1997 2454 2275 2513 cosdroa
2327 2452 2578 2532 petiuit.
2696 2451 2898 2512 Hanc
2947 2472 3107 2514 cum

679 2558 929 2619 magno
978 2539 1231 2600 romani
1269 2538 1521 2619 imperij
1582 2539 1908 2600 dedecore
1959 2550 2367 2620 accepturus
2488 2538 2800 2602 Ceterum
2854 2559 3019 2601 curn
3070 2559 3108 2600 a

681 2626 962 2689 barbaro
1052 2626 1244 2687 hoste
1321 2625 1610 2706 victorijs
1703 2626 2027 2688 insolente
2104 2627 2353 2689 nullam
2432 2627 2814 2708 impetraret
2898 2626 3108 2690 Cristi

679 2716 952 2775 numine
1017 2712 1273 2792 ieiunijs
1333 2725 1400 2774 et
1461 2712 2058 2795 supplicationibus
2120 2715 2427 2796 propiti0‚
2488 2714 2858 2775 exercitum
2915 2734 3109 2776 com-

681 2804 957 2882 parauit.
1048 2800 1217 2864 Cum
1254 2821 1386 2881 quo
1419 2802 1484 2861 in
1518 2800 1780 2863 hostem
1816 2801 2165 2883 profectus
2201 2810 2331 2863 tres
2365 2801 2664 2864 Cosdroe
2704 2800 2911 2862 duces
2942 2821 3106 2863 cum

682 2890 943 2969 magnis
1004 2887 1407 2950 exercitibus
1463 2888 1674 2949 tribus
1728 2886 1951 2969 prelijs
2012 2889 2241 2950 diuina
2295 2908 2424 2969 ope
2478 2888 2838 2970 superauit.
2972 2888 3107 2950 His

675 2984 902 3037 autern
968 2974 1267 3037 cladibus
1331 2974 1576 3036 fractus
1638 2973 2007 3038 Cosdroas:
2082 2974 2242 3036 dum
2308 2974 2533 3057 sugam
2597 2975 2768 3037 vltra
2832 2974 3102 3055 Tigrim

682 3072 873 3144 parat
954 3061 1331 3124 Medarsem
1412 3061 1618 3123 filium
1698 3064 1881 3143 regni
1959 3072 2335 3124 consortem
2413 3059 2821 3133 declarauit‚⁰
2888 3082 3102 3142 quam

681 3148 1154 3211 contumeliam
1221 3145 1610 3229 Syrochius7
1664 3151 1874 3211 maior
1936 3159 2095 3211 natu
2175 3148 2345 3211 filius
2425 3168 2556 3210 non
2623 3148 2857 3222 serenS,
2921 3150 3101 3229 patri

679 3236 995 3317 fratrique
1057 3255 1287 3297 necem
1350 3255 1554 3315 quam
1618 3235 1820 3318 paulo
1881 3246 2033 3318 post
2093 3256 2180 3297 ex
2259 3235 2416 3314 suga
2493 3236 2790 3298 retractis
2853 3236 3102 3311 intulit,

682 3323 991 3386 molitur:
1043 3342 1411 3404 pacemque
1457 3331 1523 3384 et
1563 3336 1913 3403 paternum
1972 3343 2245 3405 regnum
2293 3324 2606 3405 impetrat
2657 3322 2742 3384 ab
2780 3322 3102 3384 Heraclio

681 3409 1079 3490 quibusdam
1114 3410 1404 3491 acceptis
1437 3409 1949 3473 conditionibus
2065 3409 2365 3491 Quarum
2421 3430 2501 3472 ea
2551 3409 2673 3472 suit
2725 3410 2790 3471 in
2845 3411 3099 3491 primis

681 3508 752 3558 vt
828 3517 1087 3559 crucem
1165 3495 1571 3558 dominicam
1652 3497 2039 3559 restitueret.
2180 3496 2531 3559 Heraclius
2607 3497 2808 3578 igitur
2883 3499 3097 3559 crucis

682 3584 937 3666 lignum
973 3594 1124 3665 post
1170 3603 1382 3645 annos
1427 3585 1930 3664 quatuordecim
1981 3603 2182 3665 quam
2233 3594 2504 3647 venerat
2562 3581 2656 3645 in⁸
2688 3594 3096 3665 potestatem

681 3670 1109 3733 barbarorum
1167 3680 1525 3753 receptum,
1571 3690 1794 3732 secum
1850 3670 2155 3733 deferens
2212 3672 2689 3752 lerosolymam
2746 3672 3101 3734 reuertitur

679 3758 906 3840 Quam
957 3757 1183 3820 vrbem
1234 3759 1583 3838 ingressuS,
1635 3759 1700 3819 in
1751 3757 2215 3820 solennissima
2265 3778 2516 3840 pompa
2564 3776 2828 3820 crucem
2878 3759 3096 3840 ipsam

683 3844 1076 3918 circuntulit‚
1107 3856 1174 3906 et
1221 3847 1357 3906 suis
1405 3845 1698 3907 humeris
1747 3847 1832 3907 ad
1889 3845 2175 3907 caluarie
2225 3856 2521 3907 montem
2578 3848 2877 3927 portauit
2926 3846 3097 3907 sicut

681 3933 861 3994 illam
898 3931 1201 3996 Christus
1248 3952 1366 4013 per
1410 3932 1696 3994 eandem
1750 3934 1928 3994 viam
1980 3941 2380 4015 portauerat.
2494 3931 2819 3995 Miraculo
2865 3941 3097 3995 autem

682 4022 915 4082 datum
950 4030 1068 4092 est,
1103 4022 1281 4099 quod
1331 4029 1401 4080 vt
1449 4028 1589 4081 erat
1639 4040 1801 4081 auro
1854 4029 1922 4081 et
1985 4020 2269 4101 gemmis
2319 4019 2536 4080 cultus
2589 4019 2889 4081 substitit
2939 4031 3098 4083 ante

682 4119 963 4189 portam,
1024 4126 1153 4187 que
1216 4108 1281 4168 in
1343 4104 1630 4168 caluarie
1692 4106 1909 4168 locum
1973 4106 2148 4168 foras
2210 4105 2516 4179 ducebat,
2570 4116 2638 4168 et
2690 4126 2827 4187 quo
2879 4109 3100 4189 magis

680 4195 864 4256 exire
897 4194 1265 4256 conabatur
1294 4213 1375 4255 eo
1409 4193 1815 4255 immobilior
1845 4193 2283 4276 permanebat
2336 4193 2511 4255 Nam
2565 4193 2687 4256 sibi
2740 4192 3104 4258 videbatur

778 4357 792 4387 ¹
829 4358 926 4407 die.
962 4372 1033 4419 14.
1064 4375 1122 4406 m
1148 4374 1212 4406 m.
1284 4373 1376 4406 om.
1408 4357 1485 4419 38.
1786 4355 1809 4386 2
1840 4374 1933 4407 om.
1964 4370 2041 4419 39.
2071 4371 2150 4418 41.

774 4423 931 4473 ἴθιι
951 4439 1112 4487 xms:
1144 4424 1256 4471 add.
1286 4436 1364 4486 39.
1395 4435 1473 4484 41.
1502 4438 1581 4483 44.
1786 4421 2105 4485 hztseepra:
2140 4436 2218 4486 39.
2247 4435 2327 4483 41.
2352 4423 2421 4487 [p.
2450 4421 2587 4483 280.]
2652 4420 2673 4450 ⁶
2662 4421 2969 4536 sCosdras:
3012 4437 3092 4488 39.

826 4489 1132 4539 decollauit:
1172 4488 1249 4551 38.
1786 4486 2133 4551 ⁷Syrothius:
2172 4501 2250 4551 39.
2799 4500 2935 4551 .3.9
