3293 5225
1193 453 1258 501 K
1248 451 1562 503 ALENDA
1570 452 1659 501 RI
1659 451 1787 503 UM.
2783 452 2853 501 xli

1215 655 1747 715 ¹SEPTEMBER

1116 794 1360 843 HABET
1418 793 1585 844 DIES
1646 791 1864 843 ,XXX.²

98 896 294 945 Anam.
719 897 866 947 Dies.
2557 895 2641 945 fol.

151 975 256 1020 xvi.
334 971 360 1021 ἱ
424 974 686 1023 Calendis.
786 986 806 1022 1
868 974 1108 1038 Aegidius
1140 975 1297 1024 abbas

214 1066 263 1099 zv.
336 1066 373 1114 g
479 1051 553 1115 iiij
590 1066 674 1100 no.
785 1064 816 1101 2
874 1052 951 1100 Ex
972 1050 1184 1117 epistola
1205 1052 1271 1102 ad
1294 1052 1627 1102 Colossenses.
1701 1050 1915 1102 Domini
1946 1051 2082 1117 quod
2542 1064 2640 1114 413
2709 1051 2852 1113 [231]

331 1130 382 1176 A
498 1128 554 1193 iij
590 1144 675 1178 no.
784 1141 815 1191 3
875 1127 1138 1194 Seraphia³
1159 1129 1300 1194 virgo
1322 1138 1522 1193 martyr.
2548 1139 2645 1191 473
2714 1128 2856 1193 [327]

148 1207 270 1268 xiij.
344 1205 383 1254 b
429 1208 609 1269 pridie
630 1223 711 1256 nv.
783 1222 817 1267 4
875 1206 951 1255 Ex
974 1207 1185 1271 epistola
1207 1244 1218 1256 .
1235 1221 1273 1256 1.
1302 1208 1368 1257 ad
1392 1207 1728 1257 Timotheum.
1803 1208 1989 1257 Paulus
2554 1218 2645 1266 127
2746 1207 2854 1269 [73]

216 1286 277 1348 t).
358 1299 389 1332 c
489 1283 661 1332 Nonis
792 1295 819 1348 5
882 1284 956 1333 Ex
981 1283 1193 1349 epistola
1215 1322 1227 1335 .
1243 1298 1284 1335 1.
1313 1284 1377 1333 ad
1400 1285 1724 1335 Timotheum
1754 1285 1973 1335 Obsecro
2558 1297 2649 1346 129
2749 1285 2857 1346 [74]

352 1360 389 1410 d
481 1361 567 1425 viij
603 1362 671 1412 id.
789 1361 822 1410 6
882 1362 958 1411 Ex
980 1362 1192 1427 epistola
1216 1400 1228 1412 .
1243 1376 1282 1412 1.
1310 1364 1376 1412 ad
1400 1362 1722 1413 Timotheum
1745 1362 1941 1413 Fidelis
2558 1374 2650 1423 129
2749 1362 2856 1425 [75]

224 1455 280 1488 x.
358 1455 388 1488 e
496 1440 562 1503 vij
600 1439 667 1488 id.
788 1450 816 1500 7
879 1440 954 1489 Ex
978 1439 1187 1505 epistola
1212 1453 1280 1489 .1.
1309 1440 1374 1489 ad
1397 1440 1737 1490 Timotheum.
1810 1440 2042 1506 Spiritus,
2557 1453 2650 1501 129
2748 1440 2856 1503 [75]

362 1517 391 1565 s
514 1518 565 1566 vi
601 1518 668 1567 id.
788 1515 819 1566 8
876 1517 1166 1567 Natiuitas⁴
1190 1520 1360 1567 Maria
1382 1517 1623 1582 virginali*
1644 1520 1831 1584 duplex
1852 1520 2035 1569 maius.
2552 1530 2648 1579 474
2716 1518 2857 1581 [327]

112 1592 307 1658 ,τπνίῂζὸ
357 1611 394 1659 g
540 1612 571 1643 v
606 1595 674 1645 id.
791 1608 823 1657 9
879 1596 959 1645 De
983 1605 1160 1645 octaua
1184 1596 1457 1646 natiuitatis
2552 1607 2650 1657 474
2715 1596 2857 1658 [329]

182 1673 283 1736 vij.
347 1676 399 1722 A
496 1672 566 1737 iiij
602 1671 669 1722 id.
760 1685 818 1722 10
874 1674 953 1723 De
976 1671 1176 1723 octaua⁶
2549 1684 2645 1737 475
2714 1674 2857 1736 [329]

362 1751 400 1799 b
520 1750 574 1814 iij
608 1749 676 1799 id.
767 1762 786 1798 1
799 1763 818 1799 1
881 1751 960 1800 De
981 1749 1181 1800 octaua⁶
2553 1761 2648 1815 475
2716 1752 2857 1814 [329]

194 1843 290 1876 xv.
370 1842 401 1876 c
440 1828 616 1891 pm'die
639 1828 706 1877 ἑά.
767 1840 824 1876 12
881 1828 960 1877 De
982 1826 1182 1877 octaua⁸
2553 1839 2649 1892 475
2717 1828 2858 1892 [329]

168 1905 283 1967 iiij.
358 1903 396 1954 d
500 1905 675 1953 Idibus
767 1918 823 1968 13
880 1906 961 1954 De
982 1903 1182 1955 octaua⁸
2553 1917 2616 1967 47
2623 1917 2649 1970 5
2717 1906 2859 1969 [329]

370 1998 400 2031 e
451 1982 572 2045 xviij
606 1984 699 2031 cal.
766 1995 824 2044 14
879 1983 1169 2033 Exultat&
1189 1992 1353 2034 sancte
1374 1986 1536 2033 emtis
1555 1986 1741 2049 duplex
1763 1986 1932 2034 maius
2554 1984 2653 2044 476
2718 1985 2861 2046 [329]

176 2060 283 2111 xii.
369 2058 398 2106 s
445 2058 573 2123 xvij⁸
604 2060 697 2108 ml.
764 2070 821 2123 15
876 2057 1091 2109 ⁹Octauo
1114 2062 1408 2111 natiuitatis
1429 2060 1694 2124 virginisw
1714 2064 1899 2127 duplex
1922 2060 2115 2111 mium-⁹
2555 2060 2654 2121 476
2719 2061 2859 2124 [331]

246 2154 284 2186 r.
362 2153 399 2201 g
486 2137 569 2186 xvi
604 2139 695 2186 cal.
763 2136 821 2186 16
879 2138 1051 2188 Petrus
1065 2138 1335 2189 dorotheus
1352 2150 1402 2189 et
1413 2139 1684 2204 gorgonius
1699 2148 1952 2204 martyres.
1990 2141 2225 2189 Fuerunt
2242 2153 2308 2201 .9.
2330 2140 2487 2189 huius
2552 2149 2648 2200 477
2719 2134 2860 2201 [332]

350 2218 403 2264 Α
507 2230 573 2263 xv
606 2216 697 2264 cal.
767 2225 821 2275 17
878 2215 1137 2266 Cornelius
1160 2225 1210 2267 et
1234 2217 1514 2281 Cyprianus
1537 2225 1793 2282 martyres,
1866 2219 2098 2267 Fuerunt
2126 2215 2244 2277 14.ll
2269 2217 2440 2266 huius.
2556 2228 2651 2276 477
2721 2216 2861 2278 [332]

200 2293 282 2340 ix.
363 2292 400 2339 b
463 2292 568 2356 xiiij
604 2294 696 2341 cal.
763 2291 821 2341 18
880 2292 1211 2344 Metl'iodius12
1231 2294 1492 2359 episcopus
1516 2304 1703 2359 martyr

367 2385 398 2418 c
487 2370 573 2433 xiij
607 2372 698 2419 cal.
766 2382 824 2431 19
882 2371 1139 2421 Ianuarius
1161 2381 1211 2422 et
1233 2372 1354 2436 socij
1379 2382 1621 2437 martyres

142 2445 315 2511 xvij?
364 2448 399 2495 d
506 2447 574 2511 xij
608 2450 700 2497 ml.
764 2460 830 2496 20
885 2448 1180 2499 Eustachius
1202 2458 1251 2499 et
1275 2450 1394 2514 socij
1419 2460 1673 2514 martyres.
1745 2450 1928 2514 Vigilia

209 2527 285 2574 vi.
370 2541 400 2575 e
527 2526 576 2573 xi
611 2526 702 2575 ml.
766 2538 821 2575 21
884 2527 1143 2577 stlattheus
1164 2530 1408 2591 apostolus
1428 2536 1475 2577 et
1495 2529 1803 2592 euangelista
1823 2530 2008 2593 duplex
2030 2530 2212 2581 maius.
2555 2538 2650 2589 477
2719 2527 2861 2590 [333]

374 2604 399 2653 s
546 2622 578 2653 x
611 2605 703 2654 cal.
765 2618 828 2654 22
886 2606 1160 2657 Mauricius
1183 2617 1232 2657 et
1254 2607 1375 2671 socij
1399 2617 1639 2672 martyres
2558 2606 2654 2667 478
2720 2604 2862 2669 [333]

144 2685 294 2746 xiiij.
366 2698 403 2746 g
510 2682 575 2731 ·ix
608 2685 699 2732 cal.
762 2697 824 2748 23
882 2685 1038 2735 Linus
1062 2701 1193 2750 papa
1217 2695 1402 2750 martyr
2555 2684 2653 2744 478
2720 2685 2860 2747 [334]

203 2763 289 2824 iij.
354 2764 406 2810 A
489 2761 576 2825 viij
611 2763 701 2810 cal.
765 2775 828 2822 24
883 2763 1037 2812 Tecla
1059 2763 1199 2827 virgo
1223 2772 1407 2828 martyr

368 2839 404 2886 b
508 2839 574 2903 vij
611 2841 702 2888 cal.
766 2850 828 2903 25
888 2841 964 2890 Ex
989 2841 1200 2906 epistola
1222 2854 1289 2892 .1.
1319 2842 1384 2891 ad
1409 2841 1746 2891 Timotheum.
1820 2840 2077 2890 Seniorem
2565 2852 2649 2901 131
2755 2839 2861 2901 [75]

212 2916 291 2965 xi.
374 2933 401 2964 c
528 2917 577 2964 vi
610 2918 701 2966 cal.
764 2918 828 2967 26
887 2919 961 2967 Ex
984 2918 1196 2982 epistola
1220 2931 1285 2968 .1.
1314 2919 1380 2968 ad
1403 2918 1743 2969 Timotheum.
1822 2918 2107 2983 Quicunque
2567 2930 2656 2980 132
2757 2917 2864 2979 [75]

174 2996 293 3042 six.
370 2995 404 3042 d
544 3012 576 3042 v
610 2996 701 3044 cal.
765 3007 827 3056 27
891 2999 1093 3045 Cosmas
1117 2997 1161 3046 St
1187 2996 1463 3046 Damianus
1486 3004 1727 3060 martyres
2561 2996 2658 3056 478
2724 2995 2866 3057 [335]

377 3088 405 3120 e
502 3072 574 3136 iiij
608 3074 701 3121 cal.
764 3073 826 3121 28
887 3072 1004 3123 Ex¹³
1026 3072 1280 3139 epistola¹⁴
1301 3073 1365 3124 ad
1393 3074 1753 3124 Philemonem.
1829 3072 2015 3123 Paulus
2562 3085 2654 3134 132
2755 3073 2863 3134 [75]

178 3149 299 3212 viij.
382 3149 407 3197 s
527 3149 580 3213 iij
613 3151 705 3198 cal.
769 3163 832 3212 29
888 3153 1150 3201 Dedicatio
1172 3152 1440 3201 stlidzaelis
1461 3152 1754 3215 archangeli
1773 3152 1958 3216 duplex
1979 3153 2147 3200 maius
2560 3150 2657 3209 478
2725 3148 2864 3212 [335]

372 3241 407 3290 g
442 3228 616 3290 pridie
637 3229 726 3277 cal.
770 3240 832 3290 30
885 3229 1220 3278 Hieronimus
1232 3230 1489 3294 presbyter
1506 3229 1749 3294 cotgfhssor
1766 3230 1951 3293 duplex
1973 3229 2157 3278 minus.
2561 3228 2658 3287 478
2695 3227 2777 3334 15[3
2782 3226 2865 3289 37]

244 3418 257 3448 ¹
296 3419 596 3484 September
619 3421 831 3471 conterit
856 3439 1008 3472 vuas:
1038 3432 1122 3487 pr.
1154 3422 1232 3474 66.
1307 3423 1605 3488 September
1637 3423 1829 3487 colligit
1853 3439 2004 3472 vuas:
2032 3433 2116 3487 pr.
2146 3423 2226 3472 61.
2255 3421 2334 3483 64.
2413 3423 2539 3472 KL:
2569 3433 2652 3486 pr.
2686 3421 2762 3484 38.

240 3484 261 3514 ‘²
294 3486 453 3534 Luna
475 3502 590 3535 vero
611 3489 778 3536 ..σίας
807 3489 919 3537 add.
950 3488 1028 3550 38.
1622 3487 1644 3517 ³
1678 3487 1989 3553 Seraphina:
2027 3488 2104 3552 38.

244 3549 351 3586 ⁸—⁴
384 3552 515 3599 beate
537 3553 740 3600 Mam’e:
774 3565 853 3615 39.
880 3565 961 3614 41.
1626 3552 1648 3582 ³
1681 3555 1778 3603 xvi.
1807 3567 1887 3614 42.

240 3615 262 3642 ⁴
294 3617 574 3666 natiuitatis
596 3635 608 3665 ε
643 3619 755 3665 add.
787 3631 865 3681 39.
893 3632 972 3679 41.
1003 3618 1081 3682 63.
1156 3619 1264 3668 But
1285 3631 1349 3682 43
1375 3620 1496 3668 adds
1519 3621 1562 3668 it
1582 3621 1700 3682 only
1722 3627 1770 3669 to
1790 3619 1872 3668 tlte
1901 3619 2013 3668 11tl1
2037 3620 2147 3666 and
2168 3619 2281 3682 13tl1
2305 3621 2445 3682 days.

238 3680 259 3711 ⁷
302 3682 547 3745 Thusfor
570 3683 836 3732 Exaltatio.
1625 3682 1648 3714 ⁸
1681 3684 1748 3734 vii
1771 3702 1783 3734 z
1819 3698 1898 3745 41.

237 3745 349 3782 ⁹—2'
381 3755 467 3795 not
490 3749 547 3796 in
571 3749 664 3797 red
679 3749 852 3797 letter:
884 3762 962 3812 43.
1607 3747 1646 3779 ¹⁰
1679 3766 1772 3799 om.
1804 3762 1881 3813 39.
1911 3762 1989 3809 41.

239 3809 274 3840 ¹¹
312 3824 409 3871 24:
444 3825 526 3875 43.
1612 3813 1652 3844 ¹²
1687 3815 1992 3864 Methodus:
2029 3828 2108 3874 42.

240 3874 280 3906 ¹³
309 3894 405 3926 om.
434 3890 515 3941 43.
544 3878 624 3941 63.
1612 3878 1654 3910 ¹⁴
1687 3879 1735 3929 .i.
1763 3881 1873 3930 adel.
1904 3878 1982 3943 38.
2013 3879 2091 3928 60.

969 3970 988 4006 1
1654 3971 1766 4007 12.2
2186 3957 2210 4048 s
2297 3969 2409 4005 11.2

240 4019 279 4050 ¹⁵
313 4022 629 4087 Septembris
654 3957 851 4151 Dies{
936 4035 995 4072 10
1070 3958 1115 4153 }
1156 4024 1306 4073 horas
1327 4023 1480 4073 habet
1524 3956 1568 4152 {
1654 4036 1767 4073 12.2
1847 3958 1890 4152 }
1976 4023 2093 4071 Nox
2168 4051 2213 4150 1
2298 4035 2369 4071 12.

931 4101 995 4137 2ο
1654 4102 1673 4137 1
1716 4125 1728 4138 .
2299 4099 2409 4135 12.2

1288 4155 1399 4203 add.
1430 4154 1509 4204 61.
1539 4155 1617 4214 64.
1649 4101 1728 4203 δὲ.

237 4242 280 4291 (
314 4231 476 4279 Libra
512 4231 737 4279 (alidum
778 4237 825 4279 et
863 4230 1146 4292 humidum,
1183 4232 1387 4294 sagnam
1424 4231 1620 4280 bonum.
1718 4232 1740 4280 1
1849 4231 1931 4279 ina
1970 4246 2072 4280 non
2109 4239 2298 4295 tangat,
2344 4229 2546 4277 Libram
2593 4245 2705 4277 cum
2753 4229 2868 4276 luna

146 4296 393 4346 subintrat.
472 4296 642 4360 Carpe
677 4295 810 4344 viam
846 4303 980 4345 tutus
1002 4296 1044 4345 si
1077 4306 1258 4347 vexent
1292 4311 1477 4361 equora
1510 4296 1702 4347 fluctus.
1824 4295 1983 4362 mptio
2015 4305 2152 4346 certa
2185 4296 2336 4355 valet,
2372 4304 2614 4342 mercator
2653 4294 2867 4343 vendere

145 4372 289 4411 curet.
359 4363 473 4411 ada:
504 4374 588 4425 39.
613 4373 699 4421 41.
728 4372 810 4423 43.
840 4360 920 4411 61.
948 4360 1027 4422 64.

236 4440 443 4490 Fmetus
467 4439 657 4490 maturi
680 4438 992 4503 Septembris
1014 4448 1127 4489 sunt
1149 4439 1360 4489 valituri.
1436 4440 1501 4488 Et
1526 4455 1651 4505 pyra
1671 4455 1784 4489 cum
1810 4439 1927 4488 vino
1950 4457 1962 4489 z
2000 4438 2142 4503 panis
2165 4455 2276 4488 cum
2303 4439 2427 4486 lacte
2451 4436 2685 4500 caprino:
2723 4436 2869 4498 Aqua

148 4503 205 4554 de
227 4507 377 4557 πόα
402 4506 495 4556 tibi
521 4505 671 4570 potio
694 4505 849 4554 fertur
871 4504 1046 4554 amica.
1118 4506 1261 4555 Tunc
1285 4521 1436 4555 venas
1460 4505 1683 4570 pandas:
1720 4506 1910 4572 species
1933 4521 2045 4556 cum
2070 4505 2256 4554 semine
2281 4501 2501 4552 mandas.
2576 4502 2686 4550 add.
2718 4499 2795 4549 66.
