3293 5225
498 445 594 489 226
756 444 986 491 FERJA
1049 446 1100 491 V.
1153 446 1592 493 DOMINJCAE
1639 445 1792 493 XIX.
1845 445 2036 493 POST
2073 443 2659 494 PENTECOSTEMv

496 614 697 676 quam
732 596 832 657 vel
881 596 1004 658 hoc
1054 608 1275 660 nostre
1322 598 1756 680 intelligentie
1803 598 2062 660 obsistit
2116 621 2128 659 ε
2176 598 2333 679 quia
2365 617 2516 661 cum
2551 597 2634 658 ad
2669 596 2900 658 horam

494 701 740 744 nonam
790 684 968 765 apud
1016 687 1328 767 antiquos
1372 687 1669 767 quotidie
1717 687 2068 767 prandium
2121 683 2318 758 fieret,
2367 686 2582 765 ipsum
2637 702 2903 764 quoque

496 770 848 851 prandium
884 792 1046 833 cena
1079 771 1481 835 vocabatur.¹

1629 932 1873 996 Oratio.

496 1042 1029 1172 OMnipotens
1088 1055 1154 1106 et
1218 1046 1582 1107 misericors
1644 1044 1808 1107 deus
1864 1044 2167 1106 vniuersa
2229 1043 2420 1106 nobis
2480 1041 2902 1105 aduersantia

671 1132 1064 1211 propitiatus
1109 1132 1394 1194 exclude
1431 1156 1444 1194 ε
1479 1142 1548 1195 vt
1582 1142 1825 1206 mente,
1858 1142 1924 1194 ct
1967 1151 2244 1214 corpore
2291 1131 2535 1214 pariter
2580 1128 2901 1212 expediti,

490 1237 619 1298 que
654 1229 765 1278 tua
799 1228 970 1294 sunt,
1004 1217 1224 1281 liberis
1258 1220 1593 1282 mentibus
1624 1239 2081 1300 exequamur:
2118 1239 2249 1301 per.

774 1385 838 1453 (Ι
888 1379 1048 1440 Fe,
1003 1401 1084 1441 ta
1114 1381 1391 1443 secunda
1422 1401 1501 1442 ex
1528 1381 1714 1442 tertio
1746 1378 2045 1462 Regwn.2
2134 1380 2346 1442 Lectio
2364 1380 2604 1460 prima.

493 1492 698 1620 ΑΙ)
748 1513 948 1573 quam
996 1493 1178 1555 Elias
1209 1496 1318 1557 ait.
1413 1495 1567 1558 Noli
1602 1495 1836 1557 timere
1867 1494 1982 1556 sed
2019 1495 2189 1557 vade
2337 1494 2609 1556 verbum
2642 1493 2895 1556 domini

663 1601 724 1641 1n
761 1601 872 1641 ore
905 1591 1022 1642 tuo
1055 1601 1280 1643 verum
1314 1590 1432 1646 est.

1043 1751 1110 1820 (Ι
1162 1747 1526 1808 Secundum
1560 1744 1913 1808 Mammas*
2002 1744 2215 1806 Lectio
2248 1745 2331 1824 .ῂῖ

494 1858 680 1987 ET
716 1857 978 1920 vocauit
1026 1858 1380 1921 duodecim
1429 1869 1496 1921 et
1537 1860 1716 1940 cepit
1747 1877 1860 1919 eos
1895 1857 2158 1920 mittere
2190 1858 2381 1919 binos
2534 1864 2896 1937 posuerunt

653 1945 810 2006 illud
846 1945 910 2006 in
946 1956 1398 2008 monumento

708 2116 774 2185 (Ι
820 2110 1016 2170 Faria
1050 2110 1242 2171 tertia
1272 2130 1350 2170 ea
1376 2109 1565 2171 libro*
1596 2110 1783 2171 tertio
1814 2109 1962 2190 Reg
1921 2129 2083 2171 (Qum
2089 2108 2111 2145 ⁵
2201 2108 2414 2170 Lectio
2430 2108 2675 2189 prima.

601 2223 727 2286 Ost
770 2224 910 2285 dies
946 2223 1190 2285 multos
1227 2223 1473 2286 factum
1508 2234 1607 2285 est
1642 2223 1917 2286 verbum
1952 2222 2206 2284 domini
2242 2221 2325 2284 ad
2363 2221 2638 2283 Eliam.
2655 2222 2894 2302 ..quia
2962 2226 2971 2234 ’

627 2310 825 2372 hodie
858 2309 1195 2393 apparebo
1226 2311 1302 2373 ei.

938 2479 1003 2546 (Ι
1054 2473 1420 2534 Secundum
1453 2470 1807 2534 Allarcumss
1896 2472 2108 2533 Lectio
2137 2471 2428 2534 secunda.

490 2585 677 2715 ET
726 2587 1196 2648 conuenientes
1243 2585 1523 2668 apostoli
1574 2585 1935 2647 ad'Icsum
2086 2595 2228 2647 erat
2275 2585 2453 2646 enim
2503 2603 2615 2646 cor
2661 2604 2890 2646 eorum

646 2673 1054 2736 obcecatum.

678 2842 742 2910 (Ι
790 2837 987 2897 Faria
1018 2847 1256 2916 quarta
1286 2856 1364 2897 ex
1391 2835 1576 2896 tertio
1607 2833 1794 2897 libr07
1829 2835 1890 2896 R
1895 2856 2012 2916 egu
2020 2856 2081 2896 m
2093 2834 2132 2896 ,⁸
2227 2834 2434 2895 Lectio
2455 2835 2694 2915 prima.

483 2947 761 3077 ABijt
803 2969 963 3047 ergo
1014 2949 1282 3047 Abdias·
1314 2949 1377 3009 in
1410 2967 1756 3009 occursum
1795 2946 2033 3009 Achab
2182 2946 2398 3007 omnis
2433 2946 2720 3028 populus
2752 2946 2845 3008 ait
2879 2970 2892 3007 :

654 3034 933 3117 Optlma
964 3045 1347 3115 proposltto.

1042 3204 1106 3273 (Ι
1160 3198 1525 3260 Secundum
1559 3194 1915 3257 stsczrcmnfl
2003 3195 2214 3257 Lectio
2244 3196 2326 3276 ,ill

620 3315 678 3377 T
740 3332 892 3374 cum
956 3310 1496 3372 transfretassent
1545 3317 1868 3370 venerunt
1932 3308 1994 3368 in
2060 3319 2300 3369 terram
2361 3306 2775 3370 Genezereth

649 3400 887 3463 similia
923 3397 1299 3460 huiusmodi
1336 3396 1545 3458 multa
1578 3396 1809 3458 facitis,

959 3565 1023 3634 (Ι
1072 3558 1269 3620 Feria
1302 3579 1376 3619 .v.
1408 3579 1485 3619 ex
1513 3558 1625 3620 .iii.
1661 3554 1986 3637 Regum.¹⁰
2077 3556 2287 3618 Lectio
2321 3557 2385 3618 .i.

640 3677 776 3738 Ixit
830 3694 989 3753 ergo
1042 3671 1223 3733 Elias
1276 3670 1617 3751 prophetis
1669 3668 1870 3730 Baal:
1923 3669 2170 3748 Eligite
2321 3669 2516 3730 duxit
2561 3689 2675 3729 eos
2711 3668 2895 3729 Elias

664 3763 748 3825 ad
783 3768 1142 3824 torrentem
1180 3758 1400 3831 Cison,
1437 3766 1501 3818 et
1536 3755 1862 3818 interfecit
1896 3775 2010 3817 eos
2044 3755 2148 3818 ibi.

1037 3927 1101 3996 (Ι
1153 3920 1519 3982 Secundum
1552 3920 1645 3981 Μ
1639 3916 1928 3982 arcum.¹¹
2019 3919 2231 3981 Lectio
2264 3920 2348 3999 js.

632 4039 691 4101 T
762 4037 1099 4099 aduocans
1161 4034 1397 4095 iterum
1460 4032 1724 4094 turbam
1787 4032 2054 4094 dicebat
2117 4032 2242 4093 illis
2450 4032 2684 4094 surdos
2745 4030 2899 4094 fecit

661 4126 906 4198 audire,
937 4133 1005 4185 et
1037 4131 1258 4184 mutos
1293 4120 1489 4200 loqui.

591 4313 604 4342 ¹
644 4313 717 4361 Te
741 4312 920 4360 deum:
957 4310 1067 4357 add.
1097 4307 1173 4369 63.
1560 4304 1752 4365 ‘··'[xvii.
1787 4319 1957 4419 13724.
1947 4307 1986 4366 .]
2131 4372 2140 4379 .
2376 4303 2397 4334 ³
2430 4305 2515 4366 [vi.
2546 4306 2717 4367 7—29.]

590 4378 611 4407 ⁴
643 4395 734 4453 0713.
766 4390 842 4438 39.
873 4389 951 4433 41.
983 4387 1058 4434 49.
1090 4373 1169 4421 61.
1198 4373 1275 4433 64.
1566 4369 1586 4399 ⁵
1562 4372 1745 4468 Cap.
1781 4384 1798 4419 1
1864 4388 1922 4419 m
1946 4371 2194 4431 m.[xv1ii.
2232 4372 2400 4465 1-1ςέ

587 4443 609 4473 ⁶
643 4444 726 4503 [vi.
759 4441 961 4504 30-52.]
1562 4434 1708 4485 ⁷.0m
1740 4449 1817 4499 39.
1847 4447 1939 4485 etc.
2432 4436 2587 4495 [xvm.
2623 4436 2823 4495 16—24.]

584 4508 606 4539 9
639 4508 723 4569 [vi.
760 4506 967 4569 53-——vii.
1004 4506 1103 4566 13.]
1543 4500 1581 4530 ¹⁰
1615 4503 1771 4562 [xviii.
1803 4504 2006 4589 25-4o.]
2356 4499 2390 4529 ¹¹
2428 4501 2530 4561 [vii.
2568 4501 2766 4564 14-37.]
