3293 5225
529 459 630 509 270
1303 447 1357 493 S.
1400 445 1684 494 lOSEPH
1715 445 2150 495 CONFESSOR.
2612 447 2825 508 [Maur.
2871 461 2946 510 19.

1514 650 1728 712 Lectio
1761 650 1971 714 tertia.

539 765 1004 899 GRegorius
1037 762 1251 846 patria
1274 763 1622 825 Romanus
1646 783 1735 825 ex
1761 763 1992 825 ordine
2012 763 2345 826 senatorio
2370 784 2622 847 magno
2645 767 2944 828 omnium

717 871 1041 916 consensu
1078 852 1323 914 inuitus
1371 851 1573 912 etiam
1629 870 1780 912 cum
1834 851 2203 913 monachus
2250 862 2441 928 esset,
2489 862 2692 933 atque
2741 852 2947 916 leuita

537 940 845 1024 pontifex
924 949 1181 1001 creatur
1255 958 1435 1000 anno
1511 937 1763 999 domini
1845 935 2154 1000 D.c.xix.¹
2276 937 2410 1021 Qui
2472 939 2564 1001 sic
2623 941 2815 1014 vixit,
2875 951 2948 1003 vt

533 1028 974 1091 clarissimum
1019 1025 1406 1107 exemplum
1454 1023 1787 1105 reliquerit
1833 1025 2317 1088 successoribus
2356 1025 2491 1088 suis
2535 1026 2636 1089 vel
2688 1047 2947 1090 morum

541 1115 931 1189 sanctitati5‚
962 1112 1065 1176 vel
1114 1111 1458 1194 diligentie
1500 1112 1566 1173 in
1616 1112 1811 1174 rebus
1855 1111 2150 1192 agendiS,
2195 1112 2300 1175 vel
2348 1112 2681 1176 doctrine:
2745 1133 2950 1194 quam

537 1201 740 1282 varijs
771 1201 1032 1283 scriptis
1062 1198 1355 1261 ostendit
1386 1221 1398 1260 ε
1445 1198 1575 1278 que
1602 1198 1815 1260 multa
1846 1209 1912 1260 et
1946 1198 2241 1280 preclara
2267 1201 2634 1281 posteritati
2670 1200 2948 1282 reliquit„

546 1289 679 1352 Hic
711 1289 998 1351 instituit
1027 1297 1100 1350 vt
1136 1286 1345 1366 Kyrie
1368 1284 1638 1365 eleyson
1668 1285 1981 1347 nouiesin
2002 1286 2279 1349 ecclesia
2303 1298 2662 1351 caneretur.
2757 1288 2950 1363 Item,

541 1388 614 1439 vt
664 1385 1042 1438 cantaretur
1095 1372 1447 1448 Halleluia,
1500 1383 1918 1455 preterquam
1975 1393 2015 1435 a
2064 1374 2557 1456 septuagesima
2608 1394 2815 1455 vsque
2863 1376 2951 1439 ad

545 1466 810 1547 pascha.
906 1461 1094 1523 Idem
1149 1461 1214 1522 in
1265 1479 1521 1521 canone
1573 1458 1829 1541 redegit
1884 1458 2043 1521 illud
2096 1461 2394 1542 Diesque
2443 1471 2703 1524 nostros
2736 1462 2801 1524 in
2835 1472 2952 1525 tua

547 1571 710 1632 pace
772 1551 1103 1630 disponas.
1219 1547 1360 1609 Nec
1415 1566 1546 1608 non
1612 1547 2133 1629 supplicationes
2197 1550 2495 1618 maiores,
2551 1568 2719 1629 quas
2772 1550 2948 1632 greci

547 1638 812 1701 litanias
860 1645 1139 1698 vocant:
1206 1644 1274 1697 et
1328 1633 1691 1695 stationum
1748 1653 2062 1714 magnam
2117 1645 2373 1717 partem
2425 1636 2727 1698 instituit.
2838 1635 2952 1699 Ab

543 1726 670 1787 hoc
721 1723 942 1806 probis
989 1719 1340 1801 dictisque2
1384 1720 1540 1782 viris
1594 1720 1681 1783 ad
1734 1721 2205 1802 predicandum
2262 1722 2684 1804 euangelium
2736 1723 2951 1785 missis

548 1812 756 1892 Angli
792 1810 991 1872 fidem
1027 1808 1268 1873 Christi
1305 1809 1557 1889 integre
1590 1807 1859 1889 publico
1891 1828 2215 1871 consensu
2254 1820 2667 1892 acceperunt.
2761 1810 2951 1873 Eius-

546 1899 701 1961 dem
759 1898 1176 1979 potissimum
1231 1914 1432 1976 opera
1489 1894 1723 1957 Gotthi
1782 1895 1868 1957 ad
1922 1895 2319 1958 catholicam
2356 1895 2555 1958 fidem
2588 1918 2676 1960 ex
2725 1897 2952 1960 ariana

541 1996 724 2048 secta
757 1985 1020 2046 rediere.
1116 1982 1247 2043 Hic
1280 1991 1625 2063 paternam
1660 1980 1935 2045 domurn
1979 1982 2042 2043 in
2080 1984 2553 2046 monasterium
2602 1983 2951 2059 conuertit,

542 2073 653 2136 vbi
709 2091 1030 2154 pauperes
1086 2069 1466 2151 peregrinos
1526 2068 1764 2131 alebat.
1888 2068 2078 2150 Obijt
2142 2090 2319 2132 anno
2371 2071 2471 2133 sui
2527 2071 2952 2154 pontificatus

543 2157 701 2239 .xiij.
737 2178 963 2219 mense
994 2156 1095 2237 .vj.
1128 2166 1366 2236 quarto
1397 2155 1547 2217 idus
1583 2154 1905 2232 Martias?
1935 2155 2364 2240 sepultusque
2394 2168 2495 2220 est
2542 2162 2606 2221 in
2656 2159 2956 2223 basilica*

550 2247 741 2308 Petri.

1141 2359 1207 2429 (Ι
1253 2353 1474 2435 Ioseph
1504 2354 1825 2433 consessor
1849 2354 2085 2435 duplex
2112 2356 2346 2420 minus,

1638 2466 1883 2530 Oratio,

549 2580 954 2714 COncede
986 2599 1346 2662 quesumus
1377 2580 1804 2662 omnipotens
1836 2580 2019 2657 deuS,
2050 2590 2120 2643 vt
2154 2580 2331 2644 beati
2365 2581 2605 2665 Ioseph
2630 2583 2952 2665 vnigeniti

722 2669 864 2749 filij5
898 2669 990 2731 tui
1027 2668 1255 2730 matris
1287 2667 1532 2749 sponsi,
1564 2667 2029 2730 intercessione
2061 2669 2147 2730 ab
2184 2671 2497 2731 omnibus
2543 2672 2957 2733 aduersitati-

545 2758 670 2820 bus
703 2757 1069 2830 liberemur,
1103 2776 1217 2837 per
1247 2756 1534 2816 eundem
1570 2755 1913 2817 dominum
1950 2766 2269 2820 nostrum.
2358 2767 2482 2819 etc.

630 2902 700 2971 (1
745 2895 860 2958 Ex
888 2894 968 2956 H
964 2894 1188 2956 omilin
1217 2893 1429 2955 sancti
1455 2893 1791 2956 Ber-nardi
1816 2905 2010 2975 super
2038 2894 2275 2956 missus
2306 2894 2442 2959 est.⁶
2530 2895 2741 2958 Lectio
2772 2897 2886 2978 ,ι’ᾔ.

561 3010 711 3138 Μ
734 3007 910 3070 Issus
931 3017 1033 3069 est
1053 3005 1332 3088 angelus
1345 3004 1611 3068 Gabriel
1633 3006 1836 3068 aDeo
1858 3007 1921 3067 in
1944 3008 2283 3069 ciuitatem
2312 3007 2565 3071 Galilee
2586 3010 2688 3071 cui
2713 3028 2955 3072 nomen

761 3093 1096 3157 Nazareth
1147 3093 1230 3155 ad
1280 3095 1602 3174 virginem
1656 3093 2127 3174 desponsatam
2178 3096 2319 3156 viro
2368 3097 2470 3157 cui
2526 3116 2770 3157 nomen
2820 3107 2962 3160 erat

555 3183 813 3265 Ioseph.
904 3182 1139 3243 Virum
1170 3177 1497 3242 nominat7
1518 3200 1648 3241 non
1676 3182 1831 3260 quia
1857 3182 2131 3242 maritus
2156 3180 2270 3243 sed
2297 3184 2453 3262 quia
2477 3182 2681 3245 homo
2698 3185 2962 3247 virtutis

543 3281 706 3345 erat,
729 3270 834 3330 vel
868 3271 1087 3351 potius
1118 3268 1273 3347 quia
1307 3268 1498 3329 iuxta
1531 3267 1732 3328 alium
1767 3267 2246 3349 euangelistam
2283 3290 2414 3331 non
2447 3270 2546 3331 vir
2574 3270 2965 3352 simpliciter

547 3360 663 3420 sed
696 3359 796 3418 vir
827 3359 965 3418 eius
996 3354 1214 3417 dictus
1251 3367 1367 3416 est.
1463 3354 1706 3416 Merito
1737 3356 1914 3416 enim
1963 3354 2336 3436 appellatur
2365 3356 2543 3437 quod
2593 3360 2964 3420 necessario

550 3454 836 3527 putatur.
929 3442 1183 3505 Debuit
1235 3443 1434 3523 igitur
1481 3443 1579 3503 vir
1631 3442 1771 3502 eius
1821 3441 2138 3523 appellari
2187 3444 2345 3523 quia
2398 3462 2664 3506 necesse
2720 3444 2842 3507 fuit
2895 3455 2962 3508 et

551 3533 786 3614 putari,
820 3532 988 3593 sicut
1020 3540 1086 3591 et
1126 3538 1313 3610 pater
1348 3527 1715 3590 Saluatoris
1748 3548 1879 3589 non
1914 3528 2184 3610 quidem
2217 3550 2379 3605 esse,
2410 3529 2526 3592 sed
2560 3531 2689 3594 dici
2724 3534 2963 3595 meruit

547 3630 619 3681 vt
669 3628 1010 3701 putaretur
1053 3636 1196 3677 esse
1243 3614 1504 3676 dicente
1564 3613 1690 3677 hoc
1738 3616 1883 3696 ipso
1929 3617 2356 3697 euangelista.
2450 3617 2539 3679 Et
2584 3620 2727 3698 ipse
2778 3618 2965 3682 Iesus

545 3716 689 3768 erat
732 3705 1053 3786 incipiens
1083 3703 1271 3783 quasi
1303 3722 1627 3763 annorum
1677 3704 1948 3779 triginta
1978 3713 2051 3765 vt
2098 3702 2464 3785 putaretur⁸
2495 3704 2666 3767 filius
2704 3706 2964 3789 Ioseph.

554 3793 695 3855 Nec
745 3794 843 3853 vir
891 3810 1050 3872 ergo
1101 3790 1331 3851 matris
1379 3809 1499 3850 nec
1551 3787 1664 3869 filij
1721 3798 1908 3870 pater
1955 3792 2200 3865 extitit,
2249 3793 2558 3872 quamuis
2618 3803 2799 3855 certa
2860 3795 2963 3875 (vt

549 3881 801 3941 dictum
835 3880 965 3958 est)
1011 3887 1078 3939 et
1125 3877 1491 3938 necessaria
1537 3876 2033 3957 dispensatione
2064 3887 2416 3958 Vtrumque
2448 3877 2533 3940 ad
2580 3889 2850 3962 tempus
2894 3892 2963 3943 et

549 3966 926 4048 appellatus
951 3966 1036 4027 sit
1065 3974 1133 4026 et
1180 3971 1466 4045 putatuS,
1497 3962 1751 4043 conijce
1784 3973 2008 4024 tamen
2042 3983 2129 4026 ex
2163 3964 2287 4027 hac
2320 3965 2766 4047 appellatione
2797 3988 2960 4048 qua-

551 4052 740 4117 libet⁹
770 4053 1254 4134 dispensatoria
1288 4051 1524 4111 meruit
1571 4049 1877 4112 honorari
1925 4070 1964 4112 a
1996 4050 2123 4112 deo
2155 4062 2225 4114 vt
2272 4063 2461 4134 pater
2491 4052 2597 4114 dei
2630 4065 2696 4116 et
2742 4056 2963 4119 dictus

649 4187 664 4219 ¹
700 4190 819 4237 thus
852 4190 929 4237 all
954 4188 1166 4236 editions
1183 4186 1278 4251 sor
1316 4187 1458 4234 D.xc.
1500 4194 1663 4248 except
1693 4185 1749 4235 61
1790 4187 1954 4233 which
1992 4188 2117 4235 has:
2157 4187 2422 4237 millesimo
2456 4189 2728 4238 centesimo
2763 4190 2963 4241 decimo

548 4271 697 4304 nono,
1850 4249 1873 4280 ²
1904 4251 2193 4316 doctisque:
2232 4253 2308 4316 38.
2340 4264 2430 4302 etc.

648 4320 669 4413 Ξ
706 4319 909 4382 Martij:
946 4332 1023 4381 39.
1052 4331 1131 4379 41.
1852 4316 1874 4411 ξ
1906 4317 2039 4431 3ξέῑὲ
2043 4396 2074 4443 9
2107 4320 2324 4430 (ἔξιιῖαζηῃ.
2356 4319 2433 4382 63.
2464 4319 2541 4368 66.

647 4449 668 4481 ⁷
701 4397 1008 4498 ssz'm?r?auitz
1047 4461 1122 4511 39.
1852 4444 1873 4475 ⁸
1906 4419 2208 4511 putabatur:
2245 4421 2323 4511 39.
2352 4458 2444 4499 etc.

645 4512 667 4543 ⁹
699 4532 798 4579 qua
822 4515 969 4564 licet:
1008 4526 1084 4576 39.
1114 4526 1192 4574 41.
1222 4526 1300 4575 43.
1332 4527 1410 4573 44
1440 4526 1517 4573 49.
1548 4512 1625 4561 60.
1657 4512 1735 4562 61.
1766 4511 1843 4575 63.
1874 4511 1952 4562 66.
2024 4513 2267 4578 qualiter:
2304 4514 2382 4576 64.
