3293 5225
869 485 1248 534 DOMJNJCA
1296 485 1572 534 TERTIA
1610 486 1803 534 POST
1829 487 2285 538 ADVENTUM.
2724 489 2788 551 63

370 650 438 701 et
467 649 617 701 tunc
636 642 740 718 (vt
765 637 1176 701 breuiarium
1197 639 1524 701 concordet
1548 660 1691 702 cum
1714 639 2001 715 missali)
2037 641 2231 702 tertia
2261 642 2437 704 lectio
2465 643 2606 704 erit.
2704 643 2781 705 In

375 723 488 787 illo
518 738 835 808 tempore,
867 727 1097 809 nuptie
1128 726 1302 788 facte
1333 736 1488 789 sunt
1533 736 1638 790 etc.
1734 726 1963 790 Oratio
2009 727 2458 811 Omnipotens
2488 739 2593 793 etc.
2622 751 2786 811 quas

375 813 663 875 inuenies
693 813 763 875 in
817 813 1140 876 dominica
1175 813 1408 894 prima
1459 814 1865 894 vagantium.
1986 814 2068 877 ln
2120 815 2278 897 alg'js
2321 825 2537 878 autem
2587 818 2785 879 annis

370 911 616 980 semper
641 899 753 962 hec
778 900 1101 963 dommica
1129 900 1259 962 erit
1287 900 1474 978 infra
1495 910 1791 963 octauam
1814 901 2147 983 epiphanie
2175 912 2238 965 et
2262 903 2358 966 sic
2384 903 2577 965 tertia
2606 904 2785 967 lectio

378 997 442 1048 ct
468 987 674 1048 oratio
705 997 901 1049 erunt
931 987 1360 1069 t'nsrascnpte.

962 1179 1029 1248 ΙΙ
1073 1173 1294 1235 Tertia
1324 1173 1502 1236 lectio
1529 1172 1877 1236 secundum
1910 1172 2199 1236 Lucam.¹

370 1285 632 1416 CVm
698 1285 909 1348 sactus
969 1295 1144 1348 esset
1204 1285 1388 1348 Iesus
1442 1305 1767 1348 annorum
1832 1284 2206 1362 duodecim,
2266 1286 2776 1351 ascendentibus

525 1370 652 1434 illis
719 1371 1197 1454 lerosolymam
1260 1371 1624 1435 secundum
1678 1374 2227 1436 consuetudinem
2276 1374 2405 1436 diei
2460 1375 2648 1437 festi:
2710 1386 2777 1439 et

370 1457 637 1540 reliqua.

1233 1643 1540 1707 Homelia
1586 1644 1907 1726 Orzgemk.

378 1757 618 1885 PVer
650 1759 833 1820 lesus
865 1758 1238 1821 crescebat:
1270 1766 1338 1820 et
1369 1756 1905 1820 confortabatur:
1936 1768 2004 1819 et
2029 1755 2407 1840 replebatur
2428 1759 2774 1840 sapientia.

518 1845 670 1906 Hoc
703 1845 1047 1907 hominum
1084 1854 1319 1906 natura
1356 1863 1490 1906 non
1545 1844 1796 1926 recipit,
1826 1854 1899 1907 vt
1951 1853 2109 1906 ante
2157 1845 2509 1908 duodecim
2560 1866 2771 1910 annos

362 1932 688 2013 sapientia
763 1931 1193 2014 compleatur.
1318 1929 1523 1994 Aliud
1599 1940 1701 1993 est
1792 1932 1968 1993 enim
2046 1940 2449 2013 potestatem
2526 1932 2769 1997 habere

358 2021 703 2099 sapientie,
750 2019 930 2082 aliud
961 2016 1316 2102 ‘³sapientia
1368 2038 1511 2080 esse
1563 2015 2018 2100 completum.·‘³
2139 2018 2293 2081 Non
2348 2019 2771 2101 ambigamus

361 2126 521 2187 ergo
572 2105 874 2169 diuinum
925 2105 1176 2187 aliquid
1233 2106 1298 2167 in
1356 2105 1506 2168 Iesu
1553 2125 1751 2168 carne
1801 2105 2204 2187 apparuisse,
2234 2117 2302 2168 et
2352 2126 2485 2169 non
2546 2108 2764 2171 solum

357 2213 557 2274 super
631 2194 994 2270 hominem,
1066 2191 1208 2255 ³sed
1284 2211 1483 2275 super
1570 2191 1870 2254 omnem⁸
1943 2211 2210 2273 quoque
2301 2190 2763 2258 rationabilem

358 2290 728 2343 creaturam
805 2279 1158 2343 crescebat.
1254 2279 1744 2341 Humiliauerat
1820 2279 1996 2340 enim
2087 2299 2159 2341 se
2233 2278 2514 2342 sormam
2592 2284 2765 2345 serui

355 2368 726 2448 accipiens:
803 2379 869 2429 et
930 2369 1165 2430 eadem
1228 2367 1470 2430 virtute
1529 2386 1660 2447 qua
1725 2386 1794 2428 se
1871 2365 2334 2429 humiliauerat
2408 2368 2762 2433 crescebat.

358 2454 786 2536 Apparuerat
817 2454 1152 2517 infirmus:
1199 2454 1354 2534 quia
1387 2453 1722 2516 infirmum
1778 2473 2019 2534 corpus
2066 2464 2534 2535 assumpserat,
2564 2466 2633 2519 et
2677 2457 2767 2519 ob

356 2541 422 2603 id
487 2543 856 2624 iterumque
918 2541 1415 2604 confortabatur
1478 2541 1567 2602 Et
1627 2549 2072 2603 euacuauerat
2131 2560 2204 2602 se
2268 2540 2440 2603 filius
2515 2541 2621 2605 dei
2697 2555 2764 2607 et

354 2639 706 2712 propterea
738 2649 993 2692 rursum
1026 2629 1485 2712 complebatur
1513 2629 1840 2710 sapientia
1883 2638 1952 2691 et
1996 2630 2212 2710 gratia
2243 2629 2347 2690 dei
2378 2640 2520 2693 erat
2565 2652 2766 2713 super

354 2736 558 2779 eum:
653 2717 804 2778 Non
883 2717 1157 2798 quando
1230 2717 1411 2779 venit
1486 2716 1571 2778 ad
1650 2714 2190 2791 adolescentiam,
2266 2737 2398 2779 non
2489 2718 2762 2799 quando

356 2805 705 2867 manifeste
780 2803 1082 2879 docebat,
1157 2804 1270 2866 sed
1348 2802 1566 2866 adhuc
1615 2823 1766 2865 cum
1845 2811 2019 2864 esset
2080 2803 2395 2884 paruulus
2471 2804 2761 2869 habebat

352 2893 637 2971 gratiam
670 2890 793 2955 dei.
884 2891 975 2953 Et
1006 2890 1304 2971 quando*
1334 2890 1559 2952 omnia
1591 2890 1656 2951 in
1691 2888 1804 2951 illo
1860 2888 2185 2952 mirabilia
2217 2890 2522 2954 fuerunt:
2569 2892 2662 2954 ita
2693 2894 2758 2955 in

357 2979 632 3058 pueritia
709 2977 1024 3040 mirabilis
1102 2978 1223 3041 suit
1286 2988 1356 3039 vt
1418 2978 1524 3039 dei
1586 2977 1915 3059 sapientia
1975 2976 2437 3058 compleretur.
2561 2977 2760 3042 Ibant

354 3065 578 3145 itaque
633 3078 940 3146 parentes
1002 3066 1142 3127 eius
1204 3067 1392 3127 iuxta
1453 3064 2001 3126 consuetudinem
2064 3064 2129 3125 in
2199 3064 2606 3127 Ierusalem:
2672 3069 2757 3129 ad

348 3152 690 3214 solennem
747 3153 922 3214 diem
976 3151 1242 3214 Pasche.
1357 3152 1446 3213 Et
1496 3170 1646 3213 cum
1705 3150 1916 3213 sactus
1965 3160 2141 3213 esset
2197 3151 2380 3213 Iesus
2428 3172 2754 3216 annorum

348 3238 719 3301 duodecim.
835 3238 1204 3320 Diligenter
1270 3239 1570 3304 obserua.
1696 3238 2083 3318 Priusquam
2162 3237 2514 3302 duodecim
2583 3252 2758 3303 esset

348 3346 711 3388 annorum:
785 3326 1111 3408 sapientia
1170 3316 1277 3388 dei
1338 3336 1406 3387 et
1467 3335 1685 3387 cetera
1762 3345 1893 3406 que
1968 3324 2214 3407 scripta
2289 3334 2444 3388 sunt
2518 3326 2603 3389 de
2677 3348 2759 3390 eo

346 3412 868 3495 complebantur.
1007 3412 1176 3477 Cum
1268 3432 1428 3495 ergo
1533 3412 1632 3493 (vt
1722 3411 2050 3492 diximus)
2137 3411 2491 3475 duodecim
2582 3425 2757 3477 esset

344 3519 707 3562 annorum:
754 3510 820 3563 et
867 3502 1057 3562 iuxta
1107 3499 1384 3562 morem5
1417 3498 1559 3561 dies
1605 3498 2020 3562 solennitatis
2066 3498 2319 3580 expleti
2365 3510 2628 3563 essent:
2692 3513 2758 3564 et

345 3596 829 3650 reuerterentur
904 3597 1213 3668 parentes
1282 3606 1433 3649 cum
1496 3585 1824 3648 infantulo
1893 3585 2039 3648 Iesu
2105 3587 2423 3649 remansit
2484 3608 2646 3669 puer
2692 3590 2756 3650 in

348 3673 704 3735 Ierusalem
739 3687 805 3736 et
840 3674 1226 3737 nesciebant
1257 3682 1564 3757 parentes
1610 3674 1769 3735 eius,

1366 3909 1433 3978 ΙΙ
1471 3901 1717 3965 Orati0.

342 4039 615 4168 VOta
675 4060 1039 4122 quesumus
1099 4040 1370 4103 domine
1430 4038 1897 4138 supplicantis·
1928 4036 2157 4121 populi
2217 4037 2442 4137 celesti
2506 4037 2752 4121 pietate

507 4148 903 4209 prosequere
930 4151 943 4189 :
976 4137 1047 4190 vt
1076 4137 1144 4190 et
1174 4147 1303 4209 que
1335 4127 1596 4208 agenda
1626 4141 1802 4199 sunt,
1837 4125 2143 4188 wdeant:
2175 4135 2243 4188 et
2275 4124 2360 4187 ad
2393 4124 2751 4206 1mplenda,

325 4233 463 4295 que
493 4214 794 4289 viderint,
827 4213 1312 4277 conualescant.
1410 4214 1528 4276 Per
1559 4213 1906 4276 dominum
1942 4223 2261 4276 nostrum.
2292 4220 2413 4275 etc.

424 4460 437 4489 ¹
476 4461 566 4511 Ca.
598 4474 642 4509 2.
674 4462 733 4509 in
757 4477 823 4508 m.
1584 4455 1694 4491 ²—2
1726 4457 2026 4522 sapientiam
2049 4472 2157 4507 esse
2180 4455 2480 4520 completam
2505 4472 2518 4503 :
2555 4454 2723 4516 4466.

420 4526 528 4564 ³—³
560 4542 656 4575 om.
687 4524 766 4588 38.
1200 4523 1219 4552 ⁴
1253 4523 1541 4589 quomodo:
1580 4536 1644 4587 39
1668 4533 1763 4573 etc.
2197 4520 2218 4551 ⁶
2250 4536 2475 4571 moram:
2515 4532 2592 4582 39.
