3293 5225
973 441 1204 490 FERIA
1264 435 1509 490 SEXTA
1568 440 1664 489 IN
1711 442 2175 492 PARASCEUE.
2694 453 2780 505 131

360 592 699 655 dicendum
774 603 871 655 est
940 592 1211 675 officium
1272 594 1341 655 in
1403 593 1646 656 duobus
1705 593 1927 656 diebus
1983 594 2401 677 sequentibus,
2467 595 2780 657 mutando

360 679 809 761 antzphonaml
841 690 904 742 et
929 681 1232 757 lectioneS,
1265 691 1339 743 vt
1366 680 1437 742 in
1468 681 1561 743 eis
1590 680 1853 746 videbzk.

611 823 677 892 (Ι
710 818 907 880 Feria
937 818 1023 881 vi.
1057 817 1125 880 in
1143 829 1492 898 parasceue
1520 818 1617 879 ad
1641 817 2056 882 matutinum.
2151 819 2545 900 Antzplzona.

496 928 880 992 Astiterunt
924 949 1113 1012 reges
1175 939 1362 1004 terre,
1409 939 1477 991 et
1539 929 1868 1011 principes
1931 939 2384 992 conuenerunt
2445 931 2509 992 in
2572 950 2775 1000 vnum

364 1015 685 1078 aduersus
718 1015 1065 1079 dominum
1099 1025 1168 1078 et
1199 1015 1517 1078 aduersus
1552 1014 1891 1079 Christum
1927 1016 2084 1079 eius.

714 1166 826 1228 Ex
850 1167 1305 1229 lamentatione
1347 1165 1658 1230 Ieremia?
1745 1166 1955 1228 Lectio
1971 1166 2198 1247 prima
2228 1167 2409 1231 Nun.

370 1277 826 1410 SCrutemur
898 1280 1038 1342 vias
1130 1289 1389 1342 nostras
1463 1287 1530 1341 et
1620 1299 1992 1360 queramuS,
2068 1289 2135 1341 et
2211 1288 2617 1342 reuertamur
2690 1280 2777 1342 ad

499 1366 846 1429 dominum
1007 1365 1210 1429 Thau.
1247 1366 1664 1448 Persequeris
1699 1367 1764 1427 in
1799 1364 2015 1428 surore
2062 1375 2179 1428 tuo
2209 1374 2277 1428 et
2314 1376 2614 1428 conteres
2659 1386 2775 1429 eos

365 1454 491 1514 sub
523 1452 679 1514 celis
711 1453 994 1516 domine.
1093 1452 1450 1516 Ierusalem
1490 1453 1849 1515 Ierusalem
1897 1461 2280 1517 conuertere
2310 1452 2396 1515 ad
2429 1453 2776 1516 dominum

368 1539 571 1602 deum
607 1549 814 1603 tuum.

921 1682 987 1751 (Ι
1038 1677 1406 1740 Secundum
1439 1675 1798 1740 loannem.³
1885 1676 2099 1739 Lectio
2130 1677 2214 1756 ,ᾖ

381 1788 516 1916 H
536 1788 633 1850 Ec
667 1809 818 1851 cum
852 1787 1134 1851 dixisset
1170 1788 1375 1862 IesuS,
1407 1809 1710 1869 egressus
1742 1796 1842 1850 est
1873 1808 2023 1850 cum
2057 1787 2396 1871 discipulis
2428 1789 2562 1851 suis
2595 1797 2777 1851 trans

561 1885 919 1939 torrentem
1069 1876 1235 1938 Erat
1266 1884 1490 1938 autem
1528 1874 1868 1939 Barabbas
1899 1875 2082 1937 latre.

628 2032 694 2101 (Ι
751 2026 972 2088 Tertia
1003 2026 1178 2088 lectio
1207 2046 1285 2087 ex
1312 2035 1592 2087 tractatu
1622 2025 1840 2088 sancti
1863 2025 1924 2087 A
1936 2025 2236 2107 agustini
2259 2019 2564 2107 episcopi}

494 2138 831 2201 Rotexisti
867 2157 973 2200 me
1009 2138 1192 2200 Deus
1224 2127 1263 2200 a
1295 2147 1628 2200 conuentu
1681 2136 2208 2219 malignantium,
2261 2158 2300 2199 a
2355 2137 2781 2200 multitudine

518 2225 933 2308 operantium
967 2225 1405 2306 iniquitatem.
1503 2225 1645 2287 Iam
1681 2224 1898 2305 ipsum
1931 2234 2131 2307 caput
2176 2235 2474 2288 nostrum
2528 2225 2781 2287 intuea-

369 2331 534 2374 mur.
631 2312 828 2374 Multi
863 2320 1187 2391 martyres
1219 2311 1379 2374 talia
1413 2312 1587 2392 passi
1621 2321 1818 2375 sunt:
1866 2311 1983 2372 sed
2037 2311 2197 2373 nihil
2231 2311 2324 2374 sic
2373 2312 2587 2374 elucet
2617 2331 2779 2392 quo-

374 2399 576 2462 modo
608 2409 809 2480 caput
844 2408 1229 2480 martyrum.
1326 2399 1423 2460 Ibi
1461 2397 1695 2460 melius
1743 2397 2103 2460 intuemur⁵
2149 2398 2330 2479 quod
2381 2398 2471 2461 illi
2519 2399 2779 2481 experti

368 2495 564 2549 sunt:
620 2483 982 2569 protectus⁶
1013 2495 1113 2548 est
1167 2506 1204 2548 a
1261 2484 1684 2548 multitudine
1717 2484 2225 2567 malignantium
2275 2494 2667 2569 protegente
2712 2506 2783 2548 se

373 2573 537 2637 Deo.
636 2573 1034 2657 Protegente
1080 2593 1347 2635 carnem
1395 2592 1584 2636 suam
1649 2573 1715 2635 in
1771 2572 1916 2655 ipso
1965 2571 2100 2635 filio
2145 2580 2213 2635 et
2257 2573 2528 2636 homine
2581 2592 2779 2653 quem

368 2661 683 2742 gerebat:
738 2662 894 2742 quia
958 2659 1130 2723 filius
1205 2660 1492 2722 hominis
1552 2669 1674 2735 est,
1735 2670 1801 2722 et
1878 2659 2050 2722 filius
2129 2660 2257 2723 Dei
2332 2670 2448 2723 est.
2574 2659 2781 2723 Filius

374 2749 500 2824 dei,
575 2759 844 2831 propter
906 2747 1187 2810 sormam
1234 2745 1434 2809 7dei23
1508 2745 1679 2810 filius
1740 2747 2066 2809 hominis:
2144 2757 2414 2829 propter
2473 2744 2785 2810 formam⁷

366 2835 541 2897 serui
572 2858 585 2896 :
634 2834 884 2898 habens
917 2842 1316 2917 potestatem
1352 2848 1594 2916 ponere
1627 2834 1920 2897 animam
1954 2854 2143 2896 suam
2169 2843 2237 2897 et
2282 2833 2568 2916 recipere
2615 2854 2780 2897 eam.

363 2920 547 3004 Quid
575 2923 634 2984 ei
655 2931 1013 3004 potuerunt
1032 2920 1245 2983 facere
1268 2921 1550 2983 inimici?
1573 2921 1957 2984 occiderunt
1976 2941 2215 3003 corpus
2238 2921 2530 2983 animam
2557 2930 2781 2984 autem

371 3028 504 3072 non
552 3009 954 3073 occiderunt.
1050 3007 1420 3071 Intendite:
1470 3027 1703 3090 parum
1752 3028 1910 3089 ergo
1955 3018 2095 3070 erat
2141 3007 2488 3070 dominum
2536 3008 2782 3071 hortari

370 3104 693 3176 martyres
725 3096 956 3159 verbo:
989 3096 1111 3157 nisi
1145 3094 1438 3157 firmaret
1460 3094 1793 3177 exemplo,
1850 3095 2079 3158 Nostis
2104 3095 2217 3176 qui
2243 3103 2611 3158 conuentus
2641 3104 2782 3157 erat

372 3182 880 3264 malignantium
948 3182 1342 3245 Iudeorum:
1376 3191 1444 3245 et
1488 3202 1619 3263 que
1666 3180 2025 3244 multitudo
2073 3181 2492 3263 operantium
2545 3183 2782 3263 iniqui-

368 3278 600 3344 tatem,
636 3269 856 3351 Quam
892 3269 1364 3350 iniquitatem?
1458 3268 1634 3350 Quia
1684 3268 2033 3332 voluerunt
2080 3269 2378 3331 occidere
2431 3268 2777 3332 dominum

378 3357 597 3419 Iesum
676 3356 1032 3421 Christum.
1151 3355 1374 3419 Tanta
1434 3376 1638 3438 opera
1714 3355 1890 3419 bona
1968 3356 2180 3437 inquit
2254 3357 2516 3419 ostendi
2578 3354 2782 3433 vobiS,

368 3454 642 3526 propter
685 3444 864 3526 quod
898 3444 1131 3506 horum
1166 3463 1335 3524 opus
1364 3442 1590 3506 ⁹vultis
1624 3441 1757 3504 me⁹
1787 3442 2134 3505 occidere?
2228 3441 2502 3506 Pertulit
2547 3463 2781 3506 omnes

372 3530 671 3593 infirmos
732 3550 959 3593 eorum
1021 3531 1275 3593 curauit
1327 3549 1559 3592 omnes
1637 3528 1989 3611 languidos
2065 3550 2335 3592 eorum:
2413 3530 2778 3612 predicauit

373 3637 650 3699 regnum
698 3618 1027 3680 celorum:
1077 3637 1208 3678 non
1258 3617 1464 3679 tacuit
1524 3615 1738 3679 vitia¹⁰
1798 3636 2024 3678 eorum
2087 3625 2160 3678 vt
2220 3617 2363 3699 ipsa
2411 3617 2634 3698 potius
2683 3618 2777 3679 eis

363 3703 835 3785 displicerent:
868 3725 1000 3767 non
1030 3701 1372 3766 medicusll
1395 3724 1435 3766 a
1458 3724 1593 3785 quo
1616 3704 2040 3766 sanabantur.
2115 3704 2240 3766 His
2265 3703 2572 3766 omnibus
2593 3724 2777 3767 cura·

372 3790 674 3854 toribus12
706 3792 846 3854 eius
880 3791 1118 3872 ingrati
1168 3799 1488 3871 tanquam
1538 3790 1748 3853 multa
1782 3790 1942 3853 febri
1980 3788 2323 3853 frenetici¹³
2344 3791 2780 3856 insanientes:

373 3878 439 3939 in
496 3878 827 3941 medicum
885 3879 998 3960 qui
1056 3887 1328 3940 venerat
1376 3897 1601 3939 curare
1652 3877 1773 3939 hos
1821 3878 2374 3959 excogitauerunt
2428 3877 2774 3941 consilium

372 3964 692 4047 perdendi
725 3986 878 4028 eum
912 3977 1234 4046 tanquam
1270 3964 1356 4026 ibi
1383 3964 1683 4026 volentes
1717 3964 1996 4045 probare
2027 3975 2244 4027 vtrum
2278 3985 2428 4027 vere
2459 3965 2661 4027 homo
2693 3967 2779 4028 sit

467 4115 485 4147 ¹
518 4118 823 4183 antiphone:
861 4116 938 4181 38.
983 4118 1319 4182 antiphonas:
1354 4129 1434 4179 43.
1463 4130 1542 4177 44.
1571 4129 1650 4178 49.
1681 4117 1758 4166 61.
1789 4116 1866 4179 63.
1896 4115 1973 4176 64.
2005 4115 2082 4166 66.

465 4181 489 4212 ²
511 4184 775 4246 prophete:
808 4185 917 4232 add.
951 4196 1029 4245 39.
1048 4196 1139 4258 ,4¹·
1169 4195 1249 4245 43.
1278 4182 1355 4245 63.
1387 4182 1464 4231 66.
1496 4181 1585 4242 [iii.
1615 4182 1821 4243 40-66.]

465 4245 488 4277 ⁸
521 4249 606 4298 Ca.
643 4247 715 4297 18.
746 4249 802 4297 in
828 4266 890 4297 m.
921 4248 1074 4308 [xviii.
1112 4248 1278 4308 1-40.]
1671 4246 1691 4276 ⁴
1723 4256 1873 4310 super
1893 4248 2148 4296 Psalmos:
2181 4249 2290 4296 add.
2321 4261 2399 4311 43.
2431 4248 2508 4312 63.
2540 4249 2617 4298 66.

466 4310 487 4340 ¹⁵
519 4313 833 4362 intueamur:
869 4313 946 4362 66.
1671 4310 1693 4341 ὅ
1727 4321 2038 4377 protectum:
2074 4311 2151 4361 66.

462 4376 571 4413 ⁷—7
602 4395 693 4427 om.
725 4377 802 4441 38.
1671 4376 1692 4405 ⁸
1725 4388 1806 4426 et:
1842 4380 1952 4426 add.
1982 4377 2059 4440 63.

466 4440 574 4479 ⁹—⁹
605 4459 685 4492 me
709 4443 888 4493 vultis:
926 4443 1003 4492 61.
1034 4443 1111 4505 64.
1666 4440 1705 4472 ¹⁰
1737 4443 1871 4491 vita:
1910 4441 1986 4505 38.
2191 4440 2228 4472 ¹¹
2263 4443 2492 4494 medico:
2519 4459 2596 4506 44.
2627 4457 2706 4506 49.

470 4505 511 4537 ¹²
543 4508 913 4559 curationibus:
951 4521 1028 4571 39.
1059 4520 1152 4558 etc.
1669 4505 1707 4537 ¹³
1741 4507 2071 4572 phrenetrici:
2110 4507 2187 4557 66.

2378 4590 2514 4638 ΚΖ
