3293 5225
940 493 1275 543 D0.1llNlC
1275 498 1321 544 A
1361 496 1604 543 PRIMA
1642 499 1690 544 Α
1700 498 1753 544 D
1769 498 1860 545 ΓΕ
1863 499 1924 545 Ν
1932 498 1979 546 T
1979 499 2006 548 ζ
2019 499 2078 549 15.
2660 514 2718 562 41

1265 679 1331 749 ΙΙ
1378 675 1502 737 Ad
1524 676 1806 739 tertiam.

444 783 635 845 Pater
669 796 906 847 noster.
957 785 1108 847 Aue
1139 786 1365 848 Maria.
1450 787 1706 850 Versus.
1758 787 1942 850 Deus
1969 789 2031 850 in
2054 789 2455 852 adiutorium
2480 811 2721 853 meum.

300 879 409 930 Cic.

1350 986 1678 1067 Hymnus.

478 1095 623 1157 Vnc
657 1107 883 1160 sancte
917 1098 1107 1160 nobis
1139 1099 1423 1179 spiritus,
1476 1099 1703 1162 Vnum
1762 1103 1932 1182 patri
1985 1120 2134 1163 cum
2189 1099 2325 1162 filio
2420 1099 2719 1182 Dignare

504 1194 850 1265 promptus
884 1185 1109 1267 ingeri,
1144 1185 1394 1248 Nostro
1426 1185 1681 1249 refusus
1715 1189 1978 1269 pectori.

440 1267 556 1342 Os,
632 1269 872 1350 lingua,
952 1292 1157 1347 menS,
1234 1292 1486 1348 sensuS,
1563 1274 1777 1356 Vigor
1839 1272 2277 1338 confessionel
2340 1285 2725 1356 personent,

308 1353 363 1414 F
370 1353 758 1418 lammescat
791 1358 943 1439 igne
976 1358 1300 1422 charitas:
1350 1359 1703 1424 Accendat
1734 1362 1931 1424 ardor
1964 1362 2325 1443 proximos

442 1442 665 1505 Presta
716 1455 901 1523 pater
946 1446 1261 1528 pijssime,
1318 1446 1629 1528 Patrique
1680 1469 1956 1531 compar
2008 1449 2218 1531 vnice,
2278 1449 2449 1514 Cum
2484 1449 2715 1531 spiritu

304 1529 662 1610 paracleto,
698 1531 1014 1611 Regnans
1048 1554 1163 1615 per
1193 1555 1393 1597 omne
1423 1535 1740 1597 seculum.
1833 1536 2077 1599 Amen.

435 1615 692 1679 Deinde
748 1620 1116 1699 antiphona,
1176 1633 1236 1684 et
1295 1622 1570 1696 Psalmi,
1633 1641 1706 1684 vt
1754 1623 1823 1684 in
1859 1623 2185 1704 psalterio,
2232 1623 2465 1705 quibus
2491 1623 2721 1704 finitis

299 1703 560 1766 dicitur.
675 1704 924 1768 Versus.

436 1791 731 1854 Domine
762 1795 1007 1856 exaudi
1042 1797 1409 1858 orationem
1448 1817 1682 1859 meam.
1760 1797 2274 1879 Responsorium.
2353 1799 2443 1860 Et
2469 1799 2719 1860 clamor

301 1898 493 1940 meus
553 1880 638 1941 ad
688 1890 754 1942 te
802 1883 1037 1944 veniat.
1132 1882 1436 1946 OremuS.
1534 1884 1781 1947 Oratio.
1879 1885 2124 1948 Excita
2173 1904 2551 1967 quesumus,
2646 1895 2719 1946 vt

295 1977 500 2045 supra
528 1967 627 2028 ad
649 1968 885 2030 laudes.

435 2083 499 2152 (Ι
548 2077 934 2142 Notandum
983 2081 1161 2163 quod
1200 2082 1297 2143 ad
1349 2082 1660 2159 Tertiam,
1713 2084 2002 2161 Sextam,
2044 2094 2107 2146 et
2149 2084 2432 2159 Nonam,
2476 2095 2724 2163 semper

291 2164 547 2313 ἵξεᾶϊιῖν
572 2167 794 2240 oratio,
825 2189 946 2248 que
973 2168 1143 2231 dicta
1168 2171 1394 2248 suerit
1422 2171 1519 2233 ad
1543 2171 1815 2232 Laudes.
1907 2171 2161 2233 Deinde
2209 2170 2717 2233 Benedicamus‘2

364 2253 380 2312 i
434 2273 469 2312 e
498 2253 678 2316 ium.3

1234 2373 1300 2443 (Ι
1344 2368 1471 2430 Ad
1496 2368 1785 2432 Sextam.

435 2477 627 2540 Pater
692 2488 931 2543 noster.
1028 2480 1177 2543 Aue
1245 2481 1474 2543 Maria.
1587 2481 1844 2544 Versus.
1941 2481 2126 2543 Deus
2189 2482 2255 2542 in
2305 2481 2709 2543 adiutorium

291 2572 400 2626 etc.

1343 2681 1672 2761 Hymnus.

316 2789 652 2916 REctor
685 2802 921 2872 potens
954 2815 1158 2856 verax
1192 2792 1373 2857 deus,
1452 2795 1585 2877 Qui
1611 2806 1944 2876 temperas
1965 2814 2180 2856 rerum
2203 2794 2378 2855 vices
2416 2816 2428 2855 :
2479 2792 2717 2874 Splen-

475 2876 638 2940 dore
674 2899 868 2941 mane
901 2880 1184 2950 instruis.
1222 2881 1310 2944 Et
1346 2882 1610 2964 ignibus
1644 2882 2003 2944 meridiem.

432 2964 762 3048 Extinge‘*
804 2966 1108 3030 flammas
1161 2967 1377 3031 litium
1410 2993 1423 3031 :
1494 2968 1708 3031 Aufer
1761 2969 2045 3030 calorem
2102 2969 2377 3030 noxium
2405 2991 2418 3030 :
2468 2965 2713 3031 Confer

294 3049 578 3113 salutem
613 3073 982 3135 corporum,
1015 3056 1397 3138 Veramque
1429 3076 1664 3137 pacem
1698 3057 2014 3118 cordium.

434 3138 663 3201 Presta
696 3151 882 3221 pater
913 3140 1226 3223 pijssime,
1255 3152 1359 3206 etc.

308 3309 373 3371 T
431 3224 685 3322 Deinde
713 3228 1066 3308 antiphona
1110 3240 1172 3292 et
1201 3230 1456 3311 psalmi
1496 3240 1571 3291 vt
1619 3230 1688 3291 iu
1727 3229 2058 3310 psalterio,
2090 3239 2192 3291 etc.
2251 3239 2324 3291 vt
2374 3239 2574 3308 supra
2623 3228 2721 3290 ad

365 3320 619 3376 erttam.

1240 3434 1303 3503 {I
1354 3429 1413 3490 A
1423 3429 1475 3490 d
1498 3449 1751 3492 nonam.

431 3535 628 3599 Pater
679 3547 916 3602 noster.
1012 3539 1163 3602 Aue
1222 3540 1452 3603 Maria.
1581 3539 1835 3603 Versus.
1951 3540 2137 3602 Deus
2187 3539 2251 3601 in
2305 3538 2707 3603 adiutorium

292 3641 538 3698 meum,
568 3634 671 3686 etc.

1336 3738 1664 3819 Hymnus.

308 3847 651 3974 RErum
706 3848 871 3911 deus
921 3860 1126 3912 tenax
1171 3851 1374 3931 vigor.
1434 3851 1766 3915 Immotus
1818 3851 1881 3913 in
1934 3859 2001 3913 te
2059 3870 2454 3932 permanens
2513 3850 2711 3912 Lucis

473 3934 704 3997 diurne
736 3945 1057 4019 tempora,
1092 3937 1522 4001 Successibus
1554 3941 2025 4002 determinans

429 4020 701 4102 Largire
753 4022 1005 4087 clarum
1061 4045 1373 4107 vespere:
1441 4024 1597 4108 Quo
1652 4027 1789 4088 vita
1832 4045 2158 4107 nusquam
2215 4022 2521 4086 decidat:
2571 4021 2706 4085 Sed

285 4108 617 4190 premium
651 4111 881 4173 mortis
911 4132 1096 4174 sacre
1131 4113 1445 4175 Perennis
1479 4116 1681 4176 instet
1711 4112 1939 4193 gloria.

426 4194 656 4257 Presta
687 4207 876 4278 pater
906 4198 1219 4280 pijssime,
1247 4210 1355 4263 etc.

422 4281 694 4359 Deinde,
734 4283 1105 4363 antiphona,
1157 4296 1221 4348 et
1247 4287 1503 4367 psalmi
1545 4297 1618 4350 vt
1651 4288 1722 4350 in
1754 4286 2103 4363 Psalterio,
2134 4296 2240 4349 etc.
2289 4294 2363 4348 vt
2388 4296 2590 4367 supra
2619 4284 2718 4346 ad

294 4367 614 4431 Tertiam.

382 4498 398 4528 ¹
438 4498 801 4551 consessionem
826 4520 838 4551 ε
876 4517 952 4567 39.
981 4518 1060 4567 41.
1090 4506 1169 4556 60.
1198 4507 1277 4555 61.
1308 4507 1386 4571 63.
1417 4508 1495 4568 64.
1526 4509 1604 4557 66.
1793 4507 1815 4536 2
1847 4515 1925 4555 et:
1958 4509 2070 4556 ada&
2101 4519 2179 4570 39.
2208 4519 2286 4567 41.

378 4566 405 4593 s
440 4574 496 4613 rt
519 4576 707 4632 supra:
738 4569 851 4618 add.
883 4583 958 4633 39.
1796 4572 1816 4603 ⁴
1860 4574 1909 4621 T
1901 4573 1997 4621 ltus
2021 4572 2100 4635 38.
2177 4572 2461 4636 Extingue:
2499 4587 2576 4638 39.
2607 4586 2703 4625 etc.
