3293 5225
294 488 440 535 Auo.
469 486 544 550 5.]
1139 488 1194 538 S.
1223 489 1472 539 MARIA
1519 491 1629 539 AD
1671 488 1919 540 NIVES.
2608 498 2700 551 311

296 638 522 703 refoue
553 637 829 704 debiles¹
875 661 992 704 ora
1031 662 1151 724 pro
1184 642 1450 724 populo,
1483 642 1809 706 interueni
1842 663 1961 725 pro
1992 643 2184 718 cler0,
2216 640 2551 706 intercede
2583 662 2703 724 pro

293 727 544 789 deuoto
577 725 863 790 femineo
894 747 1081 805 sexu,
1110 729 1404 792 sentiant
1434 749 1671 793 omnes
1700 738 1890 795 tuum
1939 727 2295 808 iuuamen,²
2326 730 2704 811 quicunque

291 813 629 877 celebrant
661 824 845 877 tuam
878 825 1179 878 sanctam
1213 815 1661 880 festiuitatem.

1375 976 1620 1045 Gratia.

313 1100 609 1230 DEuS,
661 1102 774 1184 qui
833 1102 1223 1184 virginalem
1286 1103 1506 1166 aulam
1570 1103 1765 1168 beate
1828 1104 2040 1167 Marie
2100 1104 2388 1186 virginiS,
2447 1105 2511 1168 in
2574 1125 2708 1187 qua

514 1189 866 1264 habitareS,
918 1190 1160 1272 eligere
1204 1190 1520 1272 dignatus
1584 1212 1656 1253 es
1722 1190 1810 1254 da
1859 1211 2241 1273 quesumuS,
2292 1202 2364 1255 vt
2418 1212 2538 1255 sua
2585 1211 2706 1254 nos

300 1274 687 1339 defensione
740 1277 1047 1353 munitos,
1081 1277 1405 1341 iucundos
1444 1298 1563 1342 sue
1611 1278 1815 1341 facias
1863 1280 2179 1342 interesse
2227 1299 2706 1342 commemora·

301 1362 506 1425 tioni:
551 1363 663 1444 qui
711 1364 896 1426 vinis·
943 1374 1067 1428 ete.

430 1455 500 1525 {1
542 1450 604 1512 A
614 1451 667 1512 d
689 1449 1115 1514 matutinum⁸
1144 1450 1650 1516 imitatorium}
1724 1451 1976 1516 Sancta
2005 1453 2221 1516 Maria
2251 1452 2360 1516 dei
2393 1452 2706 1535 genetrix

301 1535 491 1618 virgo
521 1536 857 1601 intercede
888 1559 1008 1620 pro
1040 1538 1248 1602 nobis.

433 1623 759 1707 Hymnus.
836 1624 899 1689 O
932 1626 1218 1707 gloriosa
1265 1625 1580 1689 domina.⁵

433 1710 495 1772 A
506 1711 828 1792 ntzplzona.
909 1713 1116 1776 Beata
1147 1733 1219 1775 es
1268 1713 1500 1789 Maria,
1532 1733 1664 1794 que
1717 1712 2053 1776 credidisti
2087 1713 2512 1796 perficientur
2541 1713 2606 1777 in
2640 1722 2710 1776 te

304 1816 435 1878 que
466 1798 645 1861 dicta
676 1809 832 1863 sunt
864 1800 984 1864 tibi
1018 1820 1059 1862 a
1104 1800 1381 1863 domino
1427 1800 1753 1864 halleluia.

1217 1983 1284 2052 (Ι
1315 1975 1527 2040 Lectio
1573 1976 1785 2040 tertia.

321 2097 630 2227 Rome
693 2099 960 2163 Liberio
1021 2100 1337 2183 pontifice
1386 2111 1749 2183 antequam
1801 2101 2005 2164 vllum
2057 2102 2123 2164 in
2173 2102 2332 2166 vrbe
2381 2101 2708 2185 templum

516 2188 786 2268 virginis
824 2189 1053 2251 matris
1098 2188 1368 2250 nomine
1415 2188 1712 2250 dicatum
1760 2198 1951 2251 esset.
2071 2189 2356 2252 Ioannes
2409 2190 2712 2272 patritius

307 2272 655 2337 Romanus
688 2294 946 2337 morum
981 2275 1329 2338 honestate
1374 2284 1442 2337 et
1494 2274 1755 2358 generis
1809 2276 2173 2352 nobilitate,
2220 2286 2422 2358 atque
2470 2278 2711 2360 opibus

311 2371 631 2442 prestanS,
655 2363 758 2424 cui
792 2383 964 2425 vxor
993 2373 1136 2425 erat
1170 2362 1462 2425 moribus
1494 2372 1562 2424 et
1594 2361 1980 2425 conditione
2011 2383 2149 2444 par,
2173 2383 2324 2426 cum
2358 2363 2710 2427 orbitatem

305 2446 619 2511 filiorum⁶
678 2450 980 2512 dolenter
1024 2449 1235 2523 ferret,
1283 2469 1403 2512 nec
1464 2450 1576 2512 diu
1638 2449 1959 2532 cogitanti
2022 2450 2298 2512 idoneus
2358 2451 2710 2531 quisquam

305 2544 695 2614 occurreret,
725 2556 923 2619 quem
973 2556 1239 2599 suarum
1273 2556 1477 2620 opum
1530 2536 1841 2599 heredem
1897 2536 2294 2619 relinqueret
2341 2537 2712 2620 eademque

304 2622 660 2686 solicitudo
723 2644 998 2686 vxorem
1061 2623 1387 2706 fatigaret,
1448 2624 1650 2687 ambo
1710 2626 1993 2688 assiduis
2054 2626 2355 2707 precibus
2415 2645 2456 2687 a
2515 2625 2714 2689 beata

305 2707 588 2791 Virgine
624 2711 838 2774 Maria
870 2712 1367 2776 contendebant
1398 2721 1470 2774 vt
1500 2710 1604 2775 vel
1652 2731 1725 2775 se
1778 2710 1981 2794 prolis
2029 2722 2374 2795 compotes
2405 2711 2714 2788 efficeret,

306 2797 411 2859 vel
476 2816 674 2878 quern
741 2798 1162 2880 potissimum
1211 2798 1523 2862 heredem
1574 2799 1917 2862 instituere
1966 2799 2601 2874 commodissimum,
2645 2809 2713 2863 et

307 2881 847 2947 honestissimum
907 2895 1102 2963 esset,
1158 2886 1495 2948 indicaret.
1619 2886 1923 2949 Exorata
1971 2886 2171 2969 igitur
2219 2886 2346 2968 pijs
2408 2887 2713 2969 precibus

305 2970 657 3034 mitissima
688 2972 959 3053 virgine,
994 2982 1189 3035 nocte
1237 2992 1560 3036 nonarum
1611 2972 1907 3054 Augusti
1960 2993 2096 3054 quo
2149 2984 2451 3055 tempore
2496 2973 2713 3037 solent

303 3056 534 3120 vrbem
569 3059 760 3122 estiui
793 3059 1047 3123 calores
1080 3058 1410 3136 infestare,
1443 3079 1596 3141 pars
1642 3061 1786 3123 eius
1818 3061 2068 3124 montis
2097 3059 2293 3135 vrbiS‚
2324 3060 2438 3142 qui
2471 3061 2714 3124 dicitur

304 3143 621 3226 Esquile,⁷
694 3146 978 3227 plurima
1054 3147 1208 3209 niue
1282 3166 1637 3229 conspersa
1713 3156 1831 3223 est,
1892 3147 2022 3211 deo
2094 3147 2420 3210 voluntati
2483 3148 2711 3211 matris

299 3243 652 3297 annuente.
752 3233 1144 3316 Eademque
1179 3243 1373 3297 nocte
1407 3234 1644 3297 Ioanni
1666 3235 1941 3316 eiusque
1972 3235 2162 3297 vxori
2195 3254 2490 3298 seorsum
2524 3235 2711 3317 virgo

306 3329 520 3382 mater
549 3321 690 3383 visa
742 3331 842 3383 est
876 3322 1098 3384 niuem
1149 3322 1508 3384 demissam
1561 3321 1818 3396 referre,
1849 3323 2161 3405 ipsosque
2215 3321 2456 3398 iubere,
2500 3331 2574 3385 vt
2617 3320 2712 3385 in⁸

303 3405 470 3482 loce,
521 3428 721 3489 quern
757 3409 874 3470 nix
907 3417 1316 3490 occupasset,
1347 3407 1675 3490 templum
1723 3410 1858 3472 suis
1905 3409 2281 3490 sumptibus
2327 3408 2710 3472 edificarent

304 3493 485 3576 quod
541 3496 810 3557 nomine
880 3495 1090 3558 Marie
1157 3495 1432 3577 virginis
1482 3495 1831 3573 dicaretur,
1880 3516 2011 3578 que
2064 3495 2150 3558 ad
2202 3497 2377 3559 hunc
2433 3497 2707 3559 modum

304 3580 504 3644 vellet
535 3581 766 3644 haeres
791 3583 879 3646 ab
898 3582 1061 3664 ipsis
1082 3581 1377 3664 relinqui.
1459 3583 1656 3645 Hanc
1687 3584 2009 3646 visionem
2037 3602 2188 3645 cum
2222 3580 2600 3667 Ioannnes†
2623 3584 2709 3646 ad

310 3667 649 3731 Liberium
748 3668 1132 3752 pontificem
1209 3667 1559 3746 retulisset,
1640 3669 1818 3733 idem
1895 3670 2021 3732 sibi
2075 3670 2290 3734 visum
2351 3671 2709 3751 contigisse

305 3754 610 3839 pontifex
644 3757 1068 3833 asseuerauit,
1100 3758 1472 3839 eademque
1517 3758 1832 3821 nunciata
1877 3766 1945 3820 et
2001 3757 2341 3839 imperata,
2391 3777 2510 3839 pro
2555 3757 2711 3820 inde

310 3844 564 3906 monita
617 3843 845 3907 diuina
894 3863 1026 3905 non
1088 3864 1232 3906 esse
1293 3843 1710 3926 negligenda.
1838 3843 2010 3907 Cum
2074 3863 2321 3926 magna
2380 3843 2579 3926 igitur
2642 3853 2711 3906 et

307 3929 564 3992 solenni
598 3950 847 4012 pompa
893 3931 976 3992 ad
1012 3930 1231 3993 locum
1266 3932 1438 3994 niuis
1511 3930 1819 4014 pontifex
1870 3951 2022 3994 cum
2079 3931 2404 4012 frequenti
2458 3930 2710 4013 populo

307 4019 626 4099 processit
656 4028 723 4079 et
755 4017 972 4079 locum
1007 4019 1260 4100 templo
1292 4019 1689 4100 designauit,
1718 4020 1896 4100 quod
1933 4017 2193 4081 illorum
2218 4038 2385 4099 quos
2416 4016 2710 4081 diximus

309 4104 626 4186 impensis
694 4103 1045 4186 magnifice
1120 4115 1574 4169 constructum
1636 4116 1867 4169 sancte
1930 4105 2143 4168 Marie
2205 4105 2468 4168 maioris
2543 4125 2711 4168 nun·

307 4201 605 4274 cupatur.

401 4352 419 4384 ¹
455 4352 674 4404 flebiles.
710 4367 789 4416 41.
1607 4352 1631 4385 ²
1664 4355 1925 4405 leuamen:
1968 4354 2051 4419 38.
2077 4367 2156 4418 39.

404 4417 427 4447 ³
461 4421 775 4469 matutmas·
813 4418 890 4496 38.
1616 4418 1638 4449 ⁴
1669 4421 1753 4471 die
1780 4431 1822 4485 5.
1866 4438 1923 4470 m
1947 4437 2012 4471 m.

404 4481 426 4513 ⁶
460 4500 659 4548 requere
680 4485 823 4550 unfra
847 4501 905 4534 m
928 4485 1078 4551 qfficio
1093 4486 1348 4534 sabbatum
1368 4485 1618 4535 emsdem:
1653 4488 1766 4535 add.
1797 4499 1874 4551 39.
1904 4499 1985 4549 41.
2052 4486 2161 4547 [See
2181 4485 2346 4543 below,
2409 4482 2563 4547 388.
2572 4484 2593 4545 ]

402 4545 427 4578 ⁶
459 4550 702 4600 filiarum·
729 4562 805 4614 39.
1139 4550 1160 4582 ⁷
1196 4551 1466 4616 Esquiliae:
1505 4550 1582 4615 38.
1612 4560 1706 4601 etc.
2096 4549 2245 4601 ι’τοο
2381 4562 2501 4614 .39.
2531 4559 2626 4600 etc.
