3293 5225
305 450 445 500 NOV.
492 449 561 511 1.]
921 447 1240 498 FESTUM
1268 447 1592 497 OMNIUM
1613 445 2094 497 SANCTORUM
2620 457 2715 511 345

435 602 661 667 Gloria
713 602 881 684 patri
938 602 1252 683 ingenito.
1345 600 1640 681 Eiusque
1689 600 2031 682 vnigenito
2073 599 2229 663 Vna
2277 620 2429 663 cum
2484 611 2717 664 sancto

305 691 534 772 spiritu
571 690 651 751 In
684 690 1087 771 sempiterna
1117 688 1354 752 secula.
1447 687 1691 750 Amen.

436 775 834 857 Antipltona.
968 775 1254 857 Angeli:
1390 773 1790 856 archangeli,
1898 773 2119 837 throni
2225 774 2717 837 dominationes

306 865 730 947 principatuS,
806 872 1205 945 potestates:
1301 863 1595 937 virtuteS,
1668 860 2026 937 cherubim,
2104 870 2304 942 atque
2365 862 2717 943 seraphim,

303 950 690 1032 patriarche,
765 949 1105 1033 prophete,
1179 950 1388 1012 sancti
1466 948 1629 1030 legis
1704 948 2010 1010 doctores
2086 948 2416 1030 Apostoli,
2482 969 2717 1011 omnes

305 1037 548 1102 Christi
596 1048 936 1118 martyreS,
968 1037 1179 1099 sancti
1225 1036 1651 1110 consessoreS,
1680 1035 1969 1116 virgines
2012 1035 2283 1112 domini,
2314 1036 2698 1098 anachorite

303 1127 646 1206 sanctique
677 1144 913 1187 omnes
944 1123 1329 1186 intercedite
1362 1143 1482 1205 pro
1514 1123 1721 1186 nobis.

1388 1284 1632 1350 Gratia.

310 1399 844 1530 OMnipotens
918 1399 1317 1481 sempiterne
1378 1397 1559 1474 deuS,
1617 1399 1730 1479 qui
1794 1417 1914 1460 nos
1974 1398 2273 1461 omnium
2336 1407 2715 1460 sanctorum

482 1497 745 1549 tuorum
836 1488 1069 1549 merita
1152 1485 1275 1548 sub
1349 1506 1480 1547 vna
1563 1485 1846 1548 tribuisti
1944 1484 2325 1548 celebritate
2401 1486 2715 1559 venerari,

304 1594 681 1655 quesumus
712 1584 784 1636 vt
816 1573 1282 1654 desyderatam
1329 1573 1521 1634 nobis
1564 1582 1678 1634 tue
1712 1569 2203 1653 propositionis¹
2230 1571 2714 1635 abundantiam

300 1661 755 1742 multiplicatis
789 1660 1341 1723 intercessoribus
1374 1659 1687 1741 largiaris,
1779 1679 1896 1740 per
1928 1659 2295 1723 dominum.

921 1829 989 1899 (1
1035 1822 1157 1885 Ad
1180 1822 1577 1884 matutinum
1609 1820 2111 1885 z‘nuz‘tat0r2·um.2

437 1936 692 2018 Regem
755 1955 984 2017 regum
1047 1934 1393 1997 dominum
1457 1935 1678 1996 venite
1738 1934 2126 1996 adoremus:
2202 1935 2357 2014 quia
2419 1934 2558 2016 ipse
2618 1943 2719 1996 est

303 2042 546 2085 corona
578 2032 957 2086 sanctorum
991 2023 1310 2085 omnium.

1351 2159 1673 2239 Hymnus.

388 2272 524 2334 Esu
588 2272 880 2334 saluator
954 2272 1154 2334 seculi
1220 2271 1613 2352 Redemptis
1689 2269 1843 2353 ope3
1918 2272 2195 2334 subueni
2276 2270 2365 2333 Et
2427 2271 2535 2353 pia
2610 2271 2717 2333 dei

414 2361 722 2441 genitrix.
817 2358 1116 2422 Salutem
1152 2379 1349 2441 posce
1384 2359 1653 2420 miseris.

436 2445 641 2510 Cetus
686 2466 919 2508 omnes
965 2446 1265 2527 angelici,
1299 2445 1826 2507 patriarcharum
1875 2445 2084 2520 cunei,
2122 2444 2212 2507 Et
2242 2444 2716 2526 prophetarum

305 2534 554 2597 merita.
646 2532 859 2594 Nobis
891 2542 1238 2614 precentur
1268 2532 1549 2595 veniam.

441 2621 745 2702 Baptista
800 2619 1042 2684 Christi
1094 2622 1375 2702 preuiuS,
1425 2620 1514 2682 Et
1561 2620 1852 2701 clauiger
1896 2619 2218 2694 ethereu5‚
2265 2618 2435 2682 Cum
2484 2620 2721 2681 ceteris

307 2708 643 2789 apostoliS,
679 2707 821 2769 Nos
852 2706 1114 2769 saluant
1148 2727 1326 2770 nexu
1359 2708 1667 2770 criminis

439 2794 695 2857 Chorus
783 2804 1077 2855 sacratus
1175 2804 1559 2876 martyrum.
1637 2793 1982 2857 Confessio
2072 2793 2508 2856 sacerdotum.
2630 2793 2720 2855 Et

307 2881 646 2963 virginalis
677 2882 963 2944 castitas,
1057 2881 1199 2942 Nos
1231 2901 1270 2942 a
1303 2882 1592 2963 peccatis
1622 2880 1914 2943 abluant.

443 2967 923 3030 Monachorum
1002 2967 1332 3048 suffragia.
1425 2966 1812 3048 Omnesque
1888 2968 2066 3030 ciues
2126 2966 2330 3043 celici,
2390 2967 2720 3029 Annuant

307 3056 479 3118 votis
509 3054 918 3137 supplicum:
968 3055 1059 3117 Et
1087 3056 1221 3117 vite
1255 3065 1531 3136 poscant
1565 3056 1908 3137 premium.

442 3142 621 3204 Laus
680 3141 894 3204 honor
938 3143 1161 3216 virtuS,
1209 3141 1417 3223 gloria
1464 3142 1591 3204 deo
1646 3142 1836 3221 patri,
1880 3151 1948 3204 et
2009 3140 2161 3217 filio,
2211 3140 2462 3205 Sancto
2522 3139 2717 3202 simul

310 3229 645 3312 paracleto
683 3229 759 3291 In
794 3228 1161 3292 seculorum
1197 3229 1416 3291 secula
1449 3228 1692 3292 Amen.

283 3320 291 3329 '
436 3315 834 3397 Antiplwna.
925 3316 1084 3378 Vidi
1138 3317 1400 3378 turbam
1447 3335 1782 3396 magnam,
1823 3335 2025 3396 quam
2074 3315 2490 3378 dinumerare
2522 3334 2723 3377 nemo

309 3413 570 3486 poterat
599 3424 688 3466 ex
721 3403 1032 3466 omnibus
1062 3403 1372 3485 gentibus
1404 3413 1657 3465 stantes
1688 3413 1844 3465 ante
1868 3402 2200 3466 thronum.

715 3566 928 3628 Lectio
958 3566 1068 3647 jis.
1163 3565 1391 3627 Sermo
1417 3566 1631 3627 sancti
1655 3564 1718 3627 A
1729 3565 2028 3646 agustini
2050 3565 2329 3645 episcopi.

475 3679 648 3743 Odie
709 3678 1115 3741 dilectissimi
1174 3679 1473 3740 omnium
1526 3688 1903 3740 sanctorum
1960 3678 2082 3739 sub
2130 3697 2259 3739 vna
2307 3676 2723 3740 solennitatis

504 3767 713 3829 letitia
788 3766 1197 3828 celebramus
1272 3764 1724 3837 sestiuitatem,
1783 3785 2061 3845 quorum
2126 3765 2442 3828 societate
2502 3764 2717 3827 celum

307 3853 588 3929 exultat,
647 3873 929 3934 quorum
1009 3852 1390 3934 patrocinijs
1465 3863 1635 3914 terra
1711 3851 1952 3914 letatur
2025 3872 2306 3932 quorum
2370 3852 2724 3931 triumphis

308 3940 583 4003 ecclesia
636 3950 865 4001 sancta
918 3949 1287 4014 coronatur,
1333 3959 1614 4020 quorum
1663 3937 1988 4001 confessio
2031 3949 2284 4019 quanto
2317 3940 2381 4001 in
2416 3940 2722 4019 passione

307 4026 535 4090 sortior
581 4035 770 4090 tanto
815 4036 917 4088 est
961 4024 1195 4088 clarior
1226 4027 1291 4088 in
1324 4026 1591 4101 honore,
1622 4026 1780 4106 quia
1810 4025 1970 4089 dum
2004 4026 2210 4087 creuit
2241 4045 2482 4107 pugna,
2514 4026 2722 4088 creuit

304 4123 372 4177 et
403 4114 844 4196 pugnantium
879 4113 1104 4194 gloria,
1128 4123 1195 4175 et
1228 4112 1523 4194 martyrij
1559 4113 1934 4195 triumphus
1966 4112 2312 4194 multiplici
2339 4113 2721 4195 passionum

309 4221 550 4283 genere
599 4200 975 4276 adornatur,
1024 4221 1140 4283 per
1191 4220 1321 4281 que
1367 4201 1672 4283 grauiora
1719 4209 2069 4275 tormenta,
2100 4201 2389 4282 gratiora
2434 4199 2613 4262 fuere
2655 4209 2723 4263 et

310 4289 579 4370 premia,
611 4287 907 4368 dumque
952 4286 1278 4349 catholica
1318 4296 1529 4349 mater
1557 4286 1837 4350 ecclesia
1870 4308 1984 4369 per
2015 4296 2229 4349 totum
2262 4286 2489 4350 orbem
2524 4284 2723 4366 longe

406 4446 423 4477 ¹
460 4447 866 4512 propitiationis:
904 4460 980 4511 39.
1011 4455 1107 4497 etc.
1611 4445 1633 4476 ²
1667 4447 1748 4497 die
1779 4460 1818 4497 1.
1852 4448 1910 4495 in
1935 4464 2000 4496 m.
2072 4463 2165 4496 om.
2197 4446 2273 4510 38.

404 4510 425 4542 ³
457 4513 610 4562 orbe:
649 4511 726 4574 38.
