3293 5225
331 391 453 441 IAN.
482 389 560 453 6.]
1148 389 1573 440 EPJPHANJA
1619 389 1920 440 DOMINI.
2643 399 2739 452 243

341 544 596 608 Audite
627 544 972 607 audientes
1005 564 1129 621 me,
1149 553 1218 607 et
1249 543 1577 607 comedite
1608 544 1879 621 bonum,
1898 552 1965 606 et
1995 542 2434 607 delectabitur
2465 542 2530 605 in
2564 562 2736 606 cras-

339 632 630 695 situdine
651 633 876 695 anima
898 640 1134 696 vestra.
1216 630 1539 693 Inclinate
1559 651 1787 695 aurem
1809 641 2202 708 vestram‚et
2226 630 2447 693 venite
2478 631 2564 694 ad
2591 650 2736 692 me:

339 718 583 793 audite,
606 729 672 783 et
704 719 884 782 viuet
917 719 1142 781 anima
1172 726 1407 793 vestra,
1429 727 1497 781 et
1529 717 1758 781 seriam
1792 718 2131 781 vobiscum
2166 715 2462 798 pactum¹
2494 716 2737 798 sempi-

339 814 624 881 ternum,
654 805 1132 868 misericordias
1167 804 1391 868 Dauid
1425 802 1673 873 fideles,
1769 805 1962 881 Ecce,
1995 814 2230 868 testem
2267 803 2530 887 populis
2582 802 2737 866 dedi

340 912 494 956 eum
532 894 769 957 ducem
798 913 877 955 ac
901 901 1356 974 preceptorem
1383 892 1710 974 gentibus,
1758 892 1953 966 Ecce,
1972 900 2240 974 gentem
2267 911 2468 973 quam
2492 890 2740 954 nescie-

341 980 499 1042 bas:
545 980 815 1043 vocabis
847 990 914 1042 et
959 990 1194 1061 gentes
1241 999 1371 1061 que
1420 988 1484 1042 te
1532 999 1665 1041 non
1712 987 2188 1062 cognouerunt,
2233 978 2319 1041 ad
2366 986 2433 1040 te
2478 987 2742 1041 current

341 1077 613 1149 propter
655 1064 1030 1129 dominum2
1061 1075 1247 1130 tuum
1282 1076 1350 1130 et
1379 1075 1683 1129 sanctum
1737 1066 1938 1129 Israel
1965 1090 1978 1129 :
2026 1066 2184 1149 quia
2214 1064 2607 1147 glorificauit
2638 1074 2743 1128 te:

342 1153 619 1237 Querite
678 1152 1024 1216 dominum
1086 1152 1246 1216 dum
1311 1153 1589 1215 inueniri
1667 1162 1906 1235 potest,
1965 1153 2275 1216 inuocate
2348 1172 2500 1216 eum
2577 1151 2738 1214 dum

342 1260 551 1324 prope
610 1249 730 1303 est.
821 1239 1259 1322 Derelinquat
1320 1240 1562 1321 impius
1634 1240 1811 1303 viam
1888 1260 2096 1317 suam,
2169 1249 2237 1303 et
2309 1240 2409 1302 vir
2482 1239 2746 1321 iniquus

341 1327 782 1410 cogitationes
840 1347 1033 1390 suas:
1096 1338 1163 1390 et
1224 1337 1588 1391 revertatur
1646 1327 1732 1390 ad
1794 1326 2160 1400 dominum,
2210 1337 2278 1389 et
2332 1326 2748 1389 miserebitur

344 1416 501 1490 eiuS‚
532 1423 600 1477 et
629 1416 714 1477 ad
748 1414 946 1477 deum
981 1423 1279 1478 nostrum
1328 1415 1644 1496 quoniam
1680 1414 1926 1477 multus
1957 1424 2056 1477 est
2110 1415 2194 1476 ad
2246 1411 2745 1495 ignoscendum.

345 1507 413 1578 (Ι
449 1500 716 1583 3³Surge,
762 1501 1132 1565 illuminare
1198 1501 1599 1564 Ierusalem:
1661 1503 1818 1583 quia
1880 1501 2059 1564 venit
2120 1500 2345 1563 lumen
2423 1511 2630 1575 tuum,
2674 1508 2743 1562 et

346 1589 556 1670 gloria
604 1587 858 1651 domini
913 1608 1111 1672 super
1158 1597 1223 1651 te
1275 1598 1421 1651 orta
1474 1598 1590 1656 est.
1685 1587 1863 1670 Quia
1911 1607 2064 1650 ecce
2117 1587 2387 1650 tenebre
2447 1587 2747 1670 operient

348 1687 632 1739 terram:
679 1685 745 1738 et
776 1675 992 1758 caligo
1026 1674 1353 1758 populos:
1401 1696 1598 1757 super
1627 1684 1695 1738 te
1726 1684 1950 1739 autem
2002 1675 2249 1738 orietur
2296 1675 2626 1748 domium,
2679 1682 2747 1736 et

347 1762 560 1843 gloria
591 1762 729 1825 eius
785 1763 850 1824 in
906 1772 973 1824 te
1026 1763 1369 1826 videbitur.
1461 1762 1552 1825 Et
1598 1761 2041 1825 ambulabunt
2089 1772 2323 1844 gentes
2378 1762 2442 1823 in
2498 1760 2748 1824 lumine

349 1859 484 1926 tu0,
514 1858 583 1912 et
614 1869 801 1931 reges
833 1850 898 1912 in
931 1848 1282 1932 splendore
1326 1859 1510 1912 ortus
1563 1850 1676 1913 tui.
1770 1850 1955 1913 Leua
2005 1850 2070 1911 in
2122 1849 2468 1911 circumitu
2524 1848 2751 1911 oculos

351 1947 520 2012 tum,
551 1945 617 1999 et
665 1936 853 1999 vide:
900 1957 1132 1999 omnes
1182 1937 1287 1999 isti
1342 1937 1726 2018 congregati
1775 1945 1947 2011 sunt,
1995 1946 2317 1999 venerunt
2371 1934 2507 2000 tibi.
2601 1934 2752 1997 Filii

349 2024 448 2086 tui
510 2022 594 2085 de
654 2022 852 2104 longe
913 2024 1195 2098 venient,
1258 2034 1324 2087 et
1386 2021 1517 2085 filie
1578 2033 1692 2087 tue
1752 2023 1838 2086 de
1900 2024 2103 2085 latere
2177 2032 2466 2104 surgent.
2559 2022 2752 2085 Tunc

350 2109 607 2173 videbis
637 2121 704 2174 et
734 2108 983 2186 afflues,
1015 2120 1082 2174 et
1129 2111 1486 2184 mirabitur,
1520 2121 1587 2173 et
1630 2110 2018 2173 dilatabitur
2069 2130 2182 2171 cor
2227 2120 2437 2186 tuum,
2483 2109 2756 2192 quando

352 2218 675 2261 conuersa
706 2198 899 2261 fuerit
929 2199 1014 2260 ad
1041 2206 1107 2260 te
1133 2197 1493 2260 multitudo
1527 2199 1727 2260 maris
1755 2220 1768 2260 :
1818 2197 2137 2260 fortitudo
2169 2198 2469 2278 gentium
2503 2197 2755 2259 venerit

354 2285 491 2348 tibi.
587 2285 945 2347 Inundatio
994 2285 1398 2348 camelorum
1450 2285 1702 2367 operiet
1750 2295 1860 2347 te:
1910 2284 2308 2347 dromedarii
2369 2283 2641 2347 Madian
2688 2292 2758 2346 et

358 2371 596 2453 Epha:
660 2391 895 2433 omnes
944 2370 1029 2434 de
1081 2371 1261 2435 Saba
1313 2372 1600 2447 venient,
1649 2391 1882 2434 aurum
1916 2382 1983 2434 et
2036 2371 2191 2434 thus
2245 2369 2635 2447 deserenteS‚
2689 2380 2757 2434 et

356 2458 622 2521 laudem
656 2458 939 2521 domini*
967 2460 1454 2521 annuntiantes,

932 2600 1000 2672 {I
1044 2595 1256 2659 Lectio
1287 2595 1369 2678 ·²J'·
1400 2595 1746 2658 secundum
1778 2594 2197 2659 Mattheum.⁵

486 2708 622 2773 Um
702 2716 895 2770 natus
969 2718 1143 2771 esset
1208 2709 1395 2771 Iesus
1469 2709 1531 2770 in
1613 2708 2005 2770 Bethlehem
2154 2708 2393 2769 reuersi
2470 2716 2625 2770 sunt
2693 2708 2758 2770 in

512 2815 847 2876 regionem
882 2815 1089 2859 suam.

771 2932 994 2994 Tertia
1022 2933 1211 2994 lectio,
1305 2932 1605 2995 Homt‘lia
1633 2930 1849 2994 sancti
1872 2930 2178 3013 Gregorii
2187 2941 2370 3013 pape.

362 3043 612 3175 Slcut
642 3063 731 3106 ex
779 3042 1063 3106 lectione
1094 3044 1480 3127 euangelica
1527 3044 1760 3106 fratres
1791 3043 2067 3106 audistis
2099 3043 2219 3105 celi
2269 3063 2421 3125 rege
2454 3054 2611 3107 nato
2644 3064 2761 3107 rex

490 3140 660 3194 terre
685 3131 986 3193 turbatus
1009 3141 1152 3193 est:
1200 3133 1354 3213 quia
1388 3132 1697 3194 nimirum
1721 3140 1978 3194 terrena
2011 3129 2296 3193 altitudo
2337 3130 2765 3194 confunditur

357 3238 509 3280 cum
572 3218 896 3282 celsitudo
954 3218 1213 3280 celestis
1276 3220 1579 3301 aperitur.
1704 3217 1838 3282 Sed
1900 3218 2308 3298 querendum
2373 3218 2563 3281 nobis
2623 3230 2763 3282 est:

359 3304 678 3385 quidnam
712 3305 796 3367 sit
840 3305 1020 3386 quod
1055 3305 1472 3389 redemptore
1518 3315 1679 3368 nato
1712 3306 2084 3388 pastoribus
2129 3307 2195 3368 in
2247 3305 2457 3368 Iudea
2488 3305 2765 3388 angelus

358 3393 683 3475 apparuit,
757 3403 961 3472 atque
1035 3392 1121 3454 ad
1197 3391 1550 3456 orandum⁶
1610 3393 1786 3455 hunc
1862 3392 1951 3454 ab
2010 3393 2261 3456 oriente
2323 3413 2557 3473 magos
2630 3414 2763 3456 non

357 3479 677 3560 angelus:
724 3478 838 3541 sed
889 3479 1079 3542 stella
1127 3480 1490 3562 perduxit?
1581 3479 1757 3562 Quia
1802 3478 2108 3542 videlicet
2161 3479 2379 3543 Iudeis
2440 3490 2762 3560 tanquam

359 3568 615 3629 ratione
674 3566 1008 3629 vtentibus
1069 3568 1386 3631 rationale
1446 3567 1713 3643 animal,
1772 3567 1836 3630 id
1901 3576 2018 3642 est,
2089 3567 2366 3649 angelus
2427 3567 2764 3649 predicare

356 3653 601 3717 debuit.
721 3652 1072 3717 Gentibus⁷
1183 3675 1337 3718 vero
1427 3655 1581 3736 quia
1656 3654 1749 3716 vti
1848 3654 2101 3716 ratione
2199 3653 2602 3731 nesciebant,
2676 3656 2762 3718 ad

356 3741 894 3823 cognoscendum
984 3742 1374 3805 dominum:
1452 3761 1582 3803 non
1665 3762 1778 3823 per
1850 3761 2083 3804 vocem
2174 3743 2289 3804 sed
2367 3762 2483 3823 per
2571 3742 2764 3824 signa

360 3827 847 3909 perducuntur:
938 3828 1139 3890 Vnde
1184 3837 1251 3891 et
1283 3848 1400 3910 per
1446 3827 1725 3892 Paulum
1759 3828 2030 3891 dicitur:
2081 3827 2340 3909 Lingue
2387 3828 2450 3889 in
2500 3828 2762 3909 signum

361 3925 515 3977 sunt
539 3934 674 3976 non
708 3913 1009 3977 fidelibus
1030 3915 1142 3978 sed
1178 3913 1568 3991 infidelibus,
1593 3913 1939 3998 prophetie
1970 3925 2193 3977 autem
2217 3934 2347 3978 non
2371 3913 2775 3993 infidelibus,

359 4000 475 4064 sed
538 4000 856 4064 fidelibus,
949 4001 1124 4084 Quia
1183 4012 1250 4065 et
1309 4002 1435 4064 illis
1489 4002 1834 4085 prophetie
1895 4011 2213 4083 tanquam
2267 3999 2570 4064 fidelibus
2632 4022 2773 4065 non

361 4085 736 4152 infidelibus
765 4112 778 4152 :
825 4099 892 4152 et
924 4089 1064 4151 istis
1110 4089 1301 4172 signa
1332 4099 1651 4169 tanquam
1687 4087 2060 4151 infidelibus
2106 4108 2238 4151 non
2274 4087 2579 4152 fidelibus
2609 4088 2778 4153 data

361 4185 533 4240 sunt.
654 4175 744 4239 Et
805 4177 1173 4240 notandum
1235 4176 1412 4258 quod
1477 4176 1964 4259 redemptorem
2043 4184 2342 4239 nostrum
2404 4197 2555 4240 cum
2633 4176 2772 4240 iam

461 4320 478 4352 ¹
513 4340 713 4373 meum:
750 4325 861 4373 add.
892 4336 970 4387 39.
1270 4321 1293 4354 ²
1325 4324 1510 4375 deum:
1545 4326 1657 4373 add.
1688 4337 1766 4387 39.
1796 4333 1888 4373 etc.
2111 4322 2145 4375 „³
2178 4323 2357 4389 Caput.
2387 4323 2468 4375 60.
2498 4325 2557 4373 in
2581 4341 2647 4374 m.
2698 4372 2707 4377 l

461 4386 482 4417 ⁴
513 4388 749 4439 domino:
787 4402 864 4453 39.
895 4399 989 4439 etc.
1666 4387 1687 4418 ⁸
1720 4389 1809 4440 Ca.
1840 4401 1885 4438 2.
1915 4390 1972 4437 in
1997 4405 2061 4438 m.
2091 4389 2163 4449 [ii.
2199 4389 2365 4451 1-12.]

460 4449 483 4483 ⁸
514 4454 856 4507 adorandum:
894 4468 973 4519 39.
1002 4465 1096 4506 etc.
1669 4452 1691 4486 ⁷
1724 4454 1982 4504 Gentiles:
2020 4467 2096 4518 39.
2127 4464 2219 4505 etc.

2377 4534 2511 4584 R2
