3293 5225
510 448 599 497 188
1026 452 1283 501 INDEX
1314 452 1880 504 DOMINICARUM
1917 451 2382 503 VAGANTIUM.

502 627 576 669 .v.
637 616 790 687 post
848 617 1257 687 pentecosten.
1346 606 1511 668 Item
1572 606 1643 668 in
1702 605 1808 668 die
1877 606 2090 668 sancti
2158 606 2517 688 Laurentis,
2594 607 2920 688 interpone

503 703 809 772 quartam
884 694 1286 775 vagantium,
1360 703 1423 755 et
1453 693 1665 775 finita
1737 693 1876 756 eius
1943 692 2354 770 hebdomada,
2435 703 2748 755 reuertere
2826 694 2924 755 ad

501 779 889 842 dominicam
920 780 1231 842 decimam
1248 790 1400 861 post
1414 791 1826 861 pentecosten.

643 868 820 946 1562.
869 868 1014 929 Hoc
1080 889 1251 930 anno
1340 867 1445 929 die
1531 869 1775 950 xxviij.
1864 868 1909 930 I
1905 868 2065 948 umj,
2154 865 2500 949 interponel
2573 867 2916 929 secundam

504 955 888 1035 vagantium
946 965 1010 1017 et
1047 954 1258 1036 finita
1315 955 1453 1018 eius
1510 955 1923 1031 hebdomada,
1983 965 2295 1016 reuertere
2365 955 2463 1015 ad
2527 955 2916 1017 dominicam

500 1051 745 1103 sextam
763 1051 915 1122 post
927 1052 1338 1123 pentecosten.
1428 1042 1593 1103 Item
1624 1041 1754 1104 die2
1784 1043 1928 1106 xvi.
1959 1042 2020 1104 A
2033 1042 2269 1122 agusti,
2303 1042 2628 1123 interpone
2657 1042 2917 1104 tertiam

503 1130 910 1209 vagantium,
967 1139 1030 1191 et
1068 1128 1275 1210 finita
1333 1130 1473 1191 eius
1531 1129 1945 1206 hebdomada,
2009 1139 2322 1190 reuertere
2380 1128 2476 1189 aa'
2527 1129 2916 1191 dominicam

502 1214 938 1278 duodecimam
957 1226 1110 1298 post
1134 1227 1544 1298 pentecosten.
1635 1216 1802 1279 Item
1845 1217 1950 1277 die
1979 1216 2210 1297 prima
2256 1215 2667 1292 Nouembris,
2719 1216 2915 1277 inter-

485 1312 654 1383 pone
695 1313 999 1385 quartam
1052 1304 1438 1384 vagantium
1490 1314 1554 1364 et
1584 1304 1795 1386 finita
1842 1304 1981 1365 eius
2030 1301 2442 1379 hebdomada,
2491 1311 2803 1366 reuertere
2830 1303 2928 1365 ad

499 1388 887 1452 dominicam
918 1391 1129 1472 vegesi
1127 1412 1303 1453 mam
1325 1391 1668 1453 secundam
1689 1401 1839 1472 post
1851 1399 2261 1471 pentecosten.

642 1478 821 1557 1563
871 1477 1013 1539 Hoc
1038 1499 1209 1540 anno
1239 1479 1344 1540 die
1374 1479 1590 1557 xxvij.
1622 1477 1818 1559 lunis
1839 1479 2162 1559 interpone
2190 1477 2580 1538 dominicam
2611 1487 2918 1558 quartam

504 1565 889 1645 vagantium
948 1575 1011 1627 et
1048 1565 1259 1647 finita
1316 1566 1454 1627 eius
1511 1565 1923 1640 hebdomada,
1985 1574 2297 1625 reuertere
2366 1564 2463 1626 ad
2528 1563 2916 1626 dominicam

496 1661 800 1732 quartam
818 1662 971 1733 post
984 1662 1394 1733 pentecosten.

643 1740 820 1818 1564.
868 1738 1013 1801 Hoc
1036 1760 1208 1801 anno
1238 1740 1343 1802 die
1372 1761 1534 1804 xxv.
1565 1739 1761 1820 Iumj
1783 1739 2106 1819 interpone
2136 1738 2526 1800 dominicam
2571 1737 2916 1800 secundam

502 1826 891 1906 vagantium
949 1836 1013 1888 et
1050 1826 1261 1908 finita
1319 1827 1458 1889 eius
1514 1827 1926 1900 hebdomada,
2004 1835 2317 1888 reuertere
2387 1826 2484 1887 ad
2526 1825 2918 1887 dominicam

499 1913 797 1994 quintam
816 1923 967 1994 post
980 1923 1390 1995 pentecosten.
1479 1912 1643 1977 Item
1675 1915 1780 1975 die
1809 1914 1963 1995 ‚xiij
1995 1913 2294 1994 Augusti
2310 1913 2636 1993 interpone
2657 1912 2917 1974 tertiam

503 1999 889 2080 vagantium
934 2011 998 2063 et
1005 2000 1216 2082 finita
1267 2001 1405 2063 eius
1451 2000 1846 2064 lteba'omada
1871 2024 1894 2063 .·
1940 2012 2324 2083 prosequere
2367 1999 2596 2061 statim
2644 1999 2749 2061 die
2799 2019 2917 2062 .xx.

501 2087 784 2149 eiusdem
817 2088 1055 2149 mensis
1098 2098 1404 2170 quartam
1458 2089 1845 2169 vagantium
1875 2098 1938 2150 et
1978 2083 2425 2168 consequenter
2460 2107 2649 2148 suam
2694 2085 2918 2149 hebdo-

505 2174 787 2250 madam,
846 2175 1074 2237 deinde
1134 2185 1445 2238 reuertere
1503 2177 1600 2238 ad
1651 2175 2041 2238 dominicam
2089 2174 2492 2237 vndecimam
2531 2182 2685 2255 post
2697 2182 2915 2254 pente·

500 2271 719 2325 costen.

644 2348 764 2428 156
771 2361 822 2427 5.
870 2347 1014 2410 Hoc
1056 2370 1227 2411 anno
1274 2370 1490 2413 omnes
1536 2350 1785 2431 viginti
1832 2359 2115 2431 quatuor
2161 2347 2476 2409 dominice
2514 2357 2665 2428 post
2700 2357 2918 2429 pente·

501 2445 703 2497 costen
755 2435 1064 2516 leguntur
1101 2447 1231 2517 per
1283 2437 1573 2499 ordinem
1631 2437 1772 2498 sine
1830 2436 1966 2499 vlla
2014 2434 2507 2516 interpositione,
2567 2455 2761 2516 vsque
2830 2435 2928 2497 ad

499 2522 870 2585 aduentum.

643 2609 823 2690 1566.
872 2609 1016 2675 Hoc
1069 2633 1241 2675 anno
1301 2612 1405 2674 die
1463 2634 1622 2674 xxx.
1686 2611 1880 2694 [απτ]
1929 2611 2256 2692 interpone
2313 2608 2703 2671 dominicam
2777 2607 2918 2691 ‚iiill

503 2698 908 2778 vagantium,
966 2708 1031 2760 et
1066 2698 1276 2780 finita
1334 2700 1472 2761 eius
1528 2699 1923 2761 hebdomada
1984 2708 2298 2761 reuertere
2368 2696 2466 2758 ad
2529 2696 2918 2759 dominicam

501 2795 805 2867 quartam
821 2795 975 2867 post
986 2796 1395 2868 pentecosten.

860 2972 875 3002 ¹
912 2972 1249 3023 dominicam:
1286 2974 1396 3023 add.
1429 2987 1505 3037 39.
1536 2988 1614 3035 41.
2199 2970 2223 3001 ²
2253 2971 2367 3020 dei:
2404 2981 2483 3032 43.
