3293 5225
533 456 623 505 114
852 445 1078 493 FERIA
1151 446 1234 494 VI.
1298 445 1741 495 DOMINICAE
1797 446 1895 495 IV.
1962 417 2631 506 QUADRAGESJMAE.

527 597 849 660 iuniorem
912 619 950 660 a
1014 619 1262 681 pompa
1325 599 1567 662 funeris
1617 609 1820 680 atque
1880 596 2227 681 supremis¹
2279 597 2607 680 sepulchri
2673 617 2941 660 suarum

527 695 791 747 reuocet
824 687 907 748 ad
942 687 1147 747 vitam
1201 687 1768 768 contemplatione
1824 686 2329 765 lachrymarum.
2422 684 2574 766 Que
2608 683 2760 746 flere
2793 704 2940 766 pro-

525 770 787 834 hibetur
839 793 989 834 eum
1024 774 1130 835 cui
1162 776 1548 836 resurrectio
1594 772 1975 835 debebatur.
2068 772 2202 854 Qui
2234 773 2503 853 quidem
2545 782 2843 834 mortuus
2876 772 2941 833 in

526 857 742 921 loculo
797 859 1247 923 materialibus
1300 871 1585 942 quatuor
1617 861 1701 922 ad
1735 860 2155 941 sepulchrum
2188 860 2519 922 ferebatur
2572 858 2938 933 elementiS,

525 944 641 1007 sed
673 965 860 1028 spem
898 947 1279 1027 resurgendi
1324 948 1653 1010 habebat:
1699 946 1855 1027 quia
1887 946 2215 1009 ferebatur
2248 947 2312 1009 in
2347 946 2545 1026 ligno,
2639 944 2837 1026 Quod
2873 955 2938 1007 et

525 1033 578 1093 si
612 1033 801 1095 nobis
851 1043 1005 1096 ante
1056 1054 1186 1096 non
1244 1034 1570 1116 proderat,
1604 1044 1828 1097 tamen
1887 1044 2322 1114 posteaquam
2364 1033 2548 1095 Iesus
2602 1032 2666 1094 id
2716 1033 2938 1114 tetigit

522 1119 839 1201 proficere
886 1122 1063 1201 cepit
1111 1120 1194 1182 ad
1245 1122 1470 1196 vitam,
1525 1131 1593 1183 vt
1641 1130 1815 1183 esset
1865 1119 2133 1183 indicio2
2186 1120 2470 1184 salutem
2522 1120 2771 1203 populo
2821 1139 2938 1201 per

522 1207 732 1269 crucis
823 1207 1193 1288 patibulum
1286 1208 1780 1271 refundendam.
1907 1206 2166 1270 Audito
2257 1209 2456 1288 igitur
2533 1207 2660 1269 Dei
2729 1206 2932 1268 verbo

524 1303 852 1356 steterunt
899 1296 1118 1357 acerbi
1172 1295 1344 1357 illius
1382 1296 1622 1358 funeris
1677 1296 2071 1376 portitores:
2117 1295 2228 1375 qui
2277 1315 2514 1375 corpus
2565 1294 2931 1355 humanum

526 1379 705 1443 letali
754 1381 940 1444 fluxu
992 1392 1226 1443 nature
1278 1382 1633 1445 materialis
1677 1382 2018 1462 vrgebant.
2128 1381 2310 1463 Quid
2344 1382 2517 1443 enim
2574 1381 2752 1442 aliud
2810 1380 2932 1441 nisi

522 1466 739 1548 quasi3
768 1470 834 1529 in
883 1468 1175 1549 quodam
1233 1468 1471 1532 feretro
1520 1469 1646 1531 hoc
1695 1479 1796 1531 est
1849 1470 2137 1550 supremi
2195 1469 2437 1530 funeris
2491 1469 2933 1530 instrumento

524 1556 814 1617 iacemus
867 1557 1256 1618 exanimes:
1303 1576 1454 1619 cum
1502 1557 1603 1618 vel
1658 1557 1828 1635 ignis
1878 1557 2137 1618 modice
2190 1555 2574 1637 cupiditatis
2623 1562 2934 1617 exestuat

522 1642 624 1703 vel
717 1641 992 1723 frigidus
1083 1642 1324 1705 humor
1411 1643 1729 1718 exundat,
1804 1643 1906 1704 vel
1986 1644 2173 1723 pigra
2261 1644 2550 1723 quadam
2641 1641 2933 1721 corporis

521 1728 925 1791 hebetudine
954 1730 1142 1810 vigor
1192 1730 1571 1793 habetatur*
1598 1728 2167 1810 animorumque⁵z
2214 1730 2316 1792 vel
2365 1738 2673 1792 concreta
2715 1737 2937 1790 noster

523 1817 789 1896 spiritus
844 1816 991 1879 labe
1053 1837 1212 1899 pure
1276 1817 1437 1880 lucis
1490 1837 1738 1880 vacuus
1793 1816 1911 1879 alit
1963 1826 2272 1879 mentem.
2373 1817 2464 1878 Hi
2518 1825 2674 1878 sunt
2728 1814 2932 1876 nostri

524 1902 769 1965 funeris
808 1902 1198 1985 portitores⁶

1615 2040 1860 2104 Oratio.

540 2150 856 2278 PResta
917 2172 1277 2232 quesumus
1337 2152 1765 2232 omnipotens
1824 2150 2005 2223 deus
2068 2162 2139 2214 vt
2185 2172 2352 2232 quos
2416 2150 2654 2213 ieiunia
2714 2150 2939 2212 votiua

675 2239 1022 2319 castigant,
1072 2239 1213 2320 ipsa
1266 2259 1532 2319 quoque
1585 2238 1859 2301 deu-»tio
1912 2248 2143 2300 sancta
2199 2237 2483 2311 letificet,
2535 2247 2604 2299 vt
2665 2238 2940 2299 terrenis

526 2323 873 2386 affectibus
906 2327 1227 2408 mitigatis
1258 2325 1511 2388 facilius
1543 2325 1811 2387 celestia
1842 2327 2201 2408 capiamus,
2296 2327 2432 2388 Per.

1078 2493 1145 2563 (1
1178 2488 1376 2549 Feria
1404 2497 1583 2550 sexta
1612 2509 1691 2550 ex
1725 2485 1997 2550 Genesi.7
2086 2487 2300 2550 Lectio
2331 2487 2388 2550 .i.

543 2598 1284 2750 REsponcleruntque
1337 2600 1570 2662 Laban
1628 2609 1695 2663 et
1750 2599 2030 2663 Bathuel
2179 2599 2319 2662 eius
2381 2600 2727 2676 acciderat,
2776 2608 2941 2662 tem-

703 2707 931 2769 perare
964 2738 976 2750 .

1108 2831 1174 2900 (Ι
1208 2825 1317 2886 Ex
1342 2823 1664 2906 Epistolass
1694 2824 1948 2888 Iacobz'.⁹
2038 2826 2248 2887 Lectio
2280 2825 2363 2907 J).

675 2937 825 2999 Nde
880 2936 1053 2999 bella
1106 2947 1174 2999 et
1225 2937 1371 3000 lites
1422 2939 1485 2999 in
1542 2938 1782 3000 vobis?
1847 2958 2069 3000 nonne
2119 2960 2204 2999 ex
2262 2937 2816 3020 concupiscentijs

701 3033 1047 3104 peccatum
1081 3034 1181 3087 est
1214 3025 1322 3086 illi.

1077 3175 1144 3245 (I
1202 3169 1421 3231 Tertia
1452 3169 1627 3232 lectio
1656 3170 2000 3232 secundum
2033 3168 2411 3232 Ioannem.¹⁰

555 3279 686 3406 IN
723 3279 835 3341 illo
867 3290 1167 3362 tempore
1197 3302 1209 3341 :
1260 3280 1423 3342 Erat
1455 3279 1728 3360 quidam
1767 3283 2084 3361 languens
2119 3280 2373 3342 lazarus
2407 3282 2470 3342 in
2508 3279 2834 3343 Bethania
2867 3280 2950 3343 de

651 3366 923 3428 castello
959 3366 1169 3429 Marie
1200 3377 1267 3429 et
1304 3367 1569 3429 Marthe
1601 3387 1898 3430 sororum
1933 3369 2090 3431 eius,
2185 3368 2274 3429 Et
2308 3366 2569 3448 reliqua.

1037 3536 1103 3605 ΙΙ
1152 3528 1497 3612 Homelia†
1526 3531 1740 3593 sancti
1763 3531 1822 3592 A
1836 3531 2135 3612 agustini
2157 3531 2432 3612 episcopi.

559 3641 691 3768 IN
755 3642 1072 3722 superiori
1150 3642 1431 3705 lectione
1509 3643 1943 3706 meministis:
2019 3645 2198 3723 quod
2261 3644 2573 3705 dominus
2641 3642 2809 3724 exijt
2869 3642 2954 3704 de

667 3729 971 3790 manibus
1031 3749 1258 3791 eorum
1321 3731 1433 3810 qui
1495 3729 1677 3811 lapid
1703 3751 1791 3791 tre
1852 3751 2003 3791 eum
2065 3732 2451 3793 voluerant:
2527 3740 2596 3792 et
2654 3729 2955 3792 discessit

547 3824 729 3878 trans
760 3814 1151 3878 Iordanem:
1199 3817 1308 3879 vbi
1341 3817 1626 3878 Ioannes
1660 3817 2058 3896 baptizabat.
2156 3817 2255 3878 Ibi
2289 3817 2563 3880 domino
2594 3817 2956 3879 constituto

548 3903 1005 3966 infirmabatur
1095 3904 1159 3964 in
1255 3903 1579 3966 Bethania
1674 3904 2004 3966 Lazarus:
2108 3906 2288 3985 quud
2380 3903 2724 3966 castellum
2815 3913 2957 3966 erat

550 3991 933 4072 proximum
973 3990 1037 4051 H
1046 3989 1472 4072 ierosolymis,
1567 3990 1782 4053 Maria
1813 4003 2034 4053 autem
2068 4001 2209 4054 erat
2233 4011 2363 4072 que
2385 3994 2578 4054 vnxit
2613 3991 2956 4053 dominum

549 4088 934 4158 vnguento:
1010 4086 1078 4139 et
1136 4078 1414 4140 extersit
1482 4078 1684 4159 pedes
1758 4078 1899 4140 eius
1974 4078 2228 4160 capillis
2302 4079 2436 4140 suis
2511 4078 2696 4140 cuius
2759 4077 2958 4140 frater

652 4237 667 4267 ¹
704 4239 952 4302 supremi:
994 4250 1072 4302 43.
1102 4252 1182 4299 44.
1212 4252 1289 4300 49.
1320 4238 1398 4288 60.
1428 4238 1505 4288 61.
1536 4239 1614 4302 63.
1644 4238 1724 4300 64.
1753 4239 1834 4293 66.
2064 4236 2087 4268 ²
2118 4239 2214 4288 ad:
2251 4241 2362 4288 add.
2390 4239 2470 4289 61.

651 4303 672 4399 Ξ
703 4303 1126 4432 ggffldmardncciiugli
1151 4303 1235 4430 ἐξ.
1300 4369 1610 4418 animorum:
1650 4382 1728 4432 39.
1756 4378 1848 4419 etc.
2069 4301 2091 4334 ⁴
2124 4305 2418 4354 hebetatur:
2456 4303 2535 4367 38.
2563 4314 2657 4354 etc·

645 4433 674 4463 ‘⁶
710 4434 963 4509 Miserere.
994 4444 1069 4497 50.
1098 4436 1210 4483 add.
1239 4433 1317 4497 63.
1685 4501 1726 4526 ι.
2062 4431 2084 4466 ⁷
2115 4433 2269 4495 [xxiv.
2300 4433 2523 4530 50—63.]'
2721 4500 2732 4510 .

647 4499 676 4530 Β
709 4499 794 4559 [ιν.
830 4501 997 4560 1-17.]
1433 4496 1455 4529 ⁹
1487 4501 1718 4564 apostola.
1758 4501 1868 4550 add.
1898 4499 1977 4549 60.
2005 4499 2084 4549 61.
2405 4498 2422 4529 ¹
2480 4502 2568 4551 Q.
2605 4512 2677 4549 11.
2707 4516 2765 4548 m
2790 4516 2854 4548 m.
