3293 5225
509 447 574 497 82
1206 451 1437 501 FERIA
1497 450 1801 513 QUARTA
1865 451 2101 500 CJNER
2110 451 2234 501 UM.

508 600 1064 684 significationem
1107 604 1299 667 nobis
1329 603 1581 686 aliquid
1613 605 1909 668 innuant.
2003 603 2226 686 Opera
2258 603 2506 685 quippe
2538 601 2677 665 eius
2708 608 2776 663 et
2808 619 2928 682 per

510 687 971 770 penitentiam¹
1004 689 1185 754 aliud
1216 693 1618 755 ostendunt:
1665 702 1732 755 et
1765 712 1881 774 per
1912 691 2301 773 mysterium
2334 689 2513 752 aliud
2547 688 2926 769 loquuntur.

512 776 689 839 Ecce
733 778 911 839 enim
945 779 1093 858 quis
1125 779 1316 841 iuxta
1347 777 1693 842 historiam
1725 798 1919 842 cecus
1951 780 2075 841 iste
2107 776 2303 840 fuerit
2334 779 2718 859 ignoramus
2744 798 2757 837 :
2804 773 2921 836 sed

508 871 736 926 tamen
770 884 887 946 per
919 866 1307 946 mysterium
1341 865 1501 947 quid
1533 865 1861 948 significet
1894 866 2218 928 nouimus.
2312 863 2527 929 Cecus
2551 863 2800 944 quippe
2822 868 2924 923 est

507 968 722 1033 genus
796 950 1165 1014 humanum
1226 951 1407 1034 quod
1470 954 1536 1015 in
1599 963 1874 1035 parente
1933 954 2148 1035 primo
2209 972 2248 1013 a
2308 950 2598 1033 paradisi
2660 946 2924 1033 gaudijs

506 1037 864 1118 expulsum
919 1038 1289 1103 claritatem
1342 1059 1628 1121 superne
1679 1039 1843 1103 lucis
1897 1041 2250 1121 ignorans:
2317 1037 2768 1101 damnationis
2810 1055 2926 1097 sue

508 1125 817 1187 tenebras
865 1127 1133 1208 patitur.
1224 1125 1361 1190 Sed
1414 1135 1639 1190 tamen
1693 1147 1811 1210 per
1863 1126 2303 1209 redemptoris
2355 1126 2455 1187 sui
2518 1123 2920 1206 presentiam

506 1210 934 1289 illuminatur,
964 1221 1036 1276 vt
1087 1224 1313 1277 eterne
1360 1212 1523 1277 lucis
1577 1215 1823 1298 gaudia
1872 1215 2005 1277 iam
2060 1234 2176 1295 per
2216 1212 2613 1275 desiderium
2659 1210 2924 1273 videat:

506 1308 710 1381 atque
759 1300 824 1361 in
873 1301 978 1363 via
1023 1301 1159 1364 vite
1211 1299 1369 1363 boni
1418 1303 1634 1383 operis
1688 1321 1952 1383 gressus
1997 1311 2221 1384 ponat.
2314 1300 2705 1362 Notandum
2742 1293 2926 1359 vero²

506 1394 646 1448 est:
710 1386 889 1467 quod
939 1386 1120 1450 cum⁸
1177 1388 1363 1450 Iesus
1421 1388 1741 1452 Hiericho
1793 1388 2330 1471 appropinquare
2382 1386 2664 1449 dicitur:
2728 1402 2922 1446 cecus

506 1472 934 1537 illuminatur.
1031 1474 1350 1537 Hiericho
1394 1476 1642 1558 quippe
1690 1476 2161 1557 interpretatur
2205 1473 2378 1537 luna.
2471 1473 2666 1536 Luna
2697 1478 2921 1533 autem

506 1560 573 1621 in
608 1579 796 1623 sacro
826 1561 1091 1642 eloquio
1137 1581 1257 1643 pro
1288 1561 1550 1626 defectu
1581 1564 1799 1625 carnis
1832 1563 2137 1644 ponitur:
2184 1562 2340 1642 quia
2371 1559 2531 1622 dum
2567 1557 2923 1621 menstruis

508 1649 866 1710 momentis
897 1649 1218 1712 decrescit
1248 1671 1262 1711 ε
1309 1647 1644 1713 defectum
1679 1659 1903 1713 nostre
1936 1647 2360 1712 mortalitatis
2393 1644 2747 1728 designat.⁴

1598 1786 1843 1850 Oratio,

521 1896 842 2027 PReces
890 1907 1168 1974 nostras,
1198 1918 1558 1979 quesumus
1604 1898 1877 1961 domine
1923 1897 2284 1961 clementer
2312 1897 2560 1961 exaudi
2591 1919 2605 1958 ε
2649 1905 2852 1976 atque
2883 1912 2926 1956 a

659 1995 1081 2065 peccatorum
1146 1985 1426 2049 vinculis
1492 1985 1855 2063 absolutOS,
1929 1985 2016 2048 ab
2063 1987 2248 2048 omni
2325 2004 2448 2047 nos
2522 1982 2925 2046 aduersitate

505 2070 805 2135 custodi:
853 2092 969 2154 per
1000 2073 1347 2135 dominum
1382 2084 1698 2137 nostrum.

918 2213 986 2283 (Ι
1030 2207 1230 2270 Feria
1267 2209 1543 2271 secunda
1571 2229 1652 2272 ex
1683 2208 1954 2273 Genesi.⁵
2041 2208 2253 2272 Lectio
2267 2207 2513 2290 prima.

520 2318 787 2448 IGitur
836 2322 1328 2384 sexcentesimo
1382 2322 1599 2404 primo
1651 2341 1830 2385 anno
1859 2322 1995 2385 vite
2047 2320 2195 2384 Noe
2343 2329 2519 2382 estas
2567 2327 2637 2382 et
2671 2318 2928 2399 hyem5‚

621 2427 758 2469 nox
791 2417 858 2471 et
889 2408 1031 2470 dies
1063 2428 1197 2470 non
1233 2410 1666 2490 requiescent.

1072 2550 1140 2621 (Ι
1190 2543 1558 2607 Secundum
1591 2542 1944 2607 Ioannem.⁶
2032 2544 2246 2607 Lectio
2276 2544 2364 2626 .ij.

513 2656 955 2787 VEnerunt
1012 2676 1173 2739 ergo
1234 2656 1514 2721 ministri
1573 2657 1661 2720 ad
1722 2657 2072 2741 pontifices
2249 2657 2383 2720 iam
2444 2653 2731 2738 amplius
2793 2651 2930 2716 noli

679 2763 969 2827 peccare.

1098 2887 1166 2957 (Ι
1211 2880 1410 2943 Feria
1443 2880 1536 2962 iij.
1568 2902 1648 2944 ex
1680 2878 1952 2945 Genesi.⁷
2039 2880 2253 2944 Lectio
2284 2879 2342 2943 .i.

529 2991 1103 3122 BEnedi3<itque⁸
1156 2992 1319 3093 deus
1369 2993 1518 3055 Noe
1562 3004 1629 3057 et
1676 2990 1828 3074 filijs
1889 2993 2031 3055 eius
2090 3012 2390 3074 ...neque
2440 2989 2563 3054 erit
2615 2990 2932 3071 deinceps

672 3079 999 3143 diluulum
1033 3079 1365 3162 d1ss1pans
1397 3089 1661 3143 terram.

1082 3222 1150 3292 (Ι
1198 3216 1568 3280 Secundum
1599 3213 1954 3279 Ioannem.⁸
2043 3216 2258 3279 Lectio
2290 3216 2375 3298 ᾔ.

531 3329 847 3458 ITerum
879 3347 1039 3411 ergo
1069 3328 1328 3393 locutus
1358 3338 1462 3391 est
1491 3328 1586 3390 eis
1624 3328 1809 3391 Iesus
1957 3329 2149 3392 multi
2181 3326 2601 3391 crediderunt
2634 3327 2698 3388 in
2733 3344 2907 3388 eum.

1255 3534 1323 3604 (Ι
1368 3528 1567 3591 Feria
1593 3539 1833 3611 quarta
1870 3528 2193 3593 Cinerum.

652 3647 720 3718 (Ι
770 3640 825 3704 S
828 3641 859 3703 i
885 3641 952 3704 in
982 3640 1302 3721 hacseria
1333 3640 1637 3704 inciderit
1646 3644 1902 3721 festum
1933 3642 2170 3723 duplex
2196 3638 2720 3721 transferendum
2742 3645 2839 3698 est
2866 3634 2936 3696 in

520 3738 878 3811 sequentem
912 3728 1098 3805 diem,
1131 3738 1206 3790 vt
1229 3738 1428 3809 supra
1459 3727 1705 3791 dictum
1719 3728 1888 3808 fuit,
1936 3729 2004 3792 si
2044 3738 2259 3792 autem
2316 3724 2616 3789 inciderit
2662 3723 2731 3785 in
2783 3719 2939 3803 alijs

507 3816 718 3898 sert-'725
746 3835 939 3897 vsque
966 3816 1064 3878 ad
1087 3814 1380 3877 triduum
1411 3825 1562 3877 ante
1575 3814 1840 3897 pascha,
1869 3815 2144 3898 officium
2157 3815 2288 3898 fiet
2302 3814 2379 3876 de
2392 3814 2569 3894 festo
2599 3809 2852 3891 duplici,
2881 3817 2945 3870 et

512 3914 639 3985 pro
688 3902 1279 3965 commemoratione
1306 3900 1487 3981 serie
1534 3902 1806 3966 dicenda
1854 3912 1950 3965 est
1997 3903 2136 3966 eius
2177 3901 2384 3964 oratio
2430 3899 2500 3961 in
2531 3896 2850 3972 laudibus,
2879 3904 2944 3957 et

530 3990 806 4071 vesperis
819 3999 972 4071 post
997 3990 1349 4052 orationem
1378 3989 1553 4070 festi
1599 3989 1888 4070 duplicis,
1941 4000 2005 4052 et
2050 3989 2362 4052 similiter
2389 3986 2519 4069 fiet
2562 3984 2820 4067 quando
2870 3981 2939 4043 in

525 4076 754 4159 aliqua
762 4076 954 4157 seria
981 4075 1402 4140 celebrabitur
1408 4078 1667 4155 festum
1697 4076 1968 4159 aliquod
1991 4076 2223 4158 duplex
2264 4074 2658 4137 translatum
2703 4091 2784 4133 ex
2821 4069 2946 4133 hac

510 4164 706 4248 seria
733 4173 971 4246 quarta
1001 4163 1304 4241 cinerum,
1331 4172 1453 4225 aut
1479 4183 1559 4225 ex
1584 4161 1951 4226 domimi-215⁹
1977 4162 2483 4246 quadragesime.

631 4315 647 4346 ¹
682 4317 748 4366 So
766 4318 870 4365 also
892 4314 990 4380 38:
1026 4316 1336 4381 potentiam:
1373 4327 1451 4379 39.
1481 4326 1575 4366 etc.
1896 4313 1919 4346 ²
1951 4325 2118 4367 tamen
2145 4335 2158 4366 ι
2196 4329 2274 4380 39.

628 4379 651 4477 ζ
681 4382 884 4496 (ἱῑξξίῐὶᾱκ)
899 4393 1040 4507 3-2329ΞΙ
1900 4380 1927 4477 2
1957 4382 2318 4509 xiiiserere-..vsiioi
2346 4381 2459 4506 qdd]
2486 4379 2567 4442 63.

624 4511 651 4545 ⁴¹
684 4449 774 4563 [(2νὲ
794 4484 849 4575 ’9.
868 4460 938 4561 {n
960 4484 1026 4562 ni.
1066 4512 1151 4574 [ix.
1186 4511 1353 4573 1-11.]
1518 4548 1521 4549 ν
1677 4509 1699 4543 ⁸
1731 4512 1854 4574 [viii.
1883 4458 2155 4576 12-3o.]4⁵
2310 4483 2323 4496 ⁶
2417 4481 2444 4541 3
2474 4506 2761 4559 dominioez
2797 4502 2876 4569 38.
